%YAML 1.1
%TAG !u! tag:unity3d.com,2011:
--- !u!29 &1
OcclusionCullingSettings:
  m_ObjectHideFlags: 0
  serializedVersion: 2
  m_OcclusionBakeSettings:
    smallestOccluder: 5
    smallestHole: 0.25
    backfaceThreshold: 100
  m_SceneGUID: 00000000000000000000000000000000
  m_OcclusionCullingData: {fileID: 0}
--- !u!104 &2
RenderSettings:
  m_ObjectHideFlags: 0
  serializedVersion: 8
  m_Fog: 0
  m_FogColor: {r: 0.5, g: 0.5, b: 0.5, a: 1}
  m_FogMode: 3
  m_FogDensity: 0.01
  m_LinearFogStart: 0
  m_LinearFogEnd: 300
  m_AmbientSkyColor: {r: 0.212, g: 0.227, b: 0.259, a: 1}
  m_AmbientEquatorColor: {r: 0.114, g: 0.125, b: 0.133, a: 1}
  m_AmbientGroundColor: {r: 0.047, g: 0.043, b: 0.035, a: 1}
  m_AmbientIntensity: 1
  m_AmbientMode: 0
  m_SubtractiveShadowColor: {r: 0.42, g: 0.478, b: 0.627, a: 1}
  m_SkyboxMaterial: {fileID: 2100000, guid: 4b1ad26db8c8ca04aa60399db5bf6766, type: 2}
  m_HaloStrength: 0.5
  m_FlareStrength: 1
  m_FlareFadeSpeed: 3
  m_HaloTexture: {fileID: 0}
  m_SpotCookie: {fileID: 10001, guid: 0000000000000000e000000000000000, type: 0}
  m_DefaultReflectionMode: 0
  m_DefaultReflectionResolution: 128
  m_ReflectionBounces: 1
  m_ReflectionIntensity: 1
  m_CustomReflection: {fileID: 0}
  m_Sun: {fileID: 0}
  m_IndirectSpecularColor: {r: 0.35988885, g: 0.22482139, b: 0.12587312, a: 1}
--- !u!157 &3
LightmapSettings:
  m_ObjectHideFlags: 0
  serializedVersion: 11
  m_GIWorkflowMode: 0
  m_GISettings:
    serializedVersion: 2
    m_BounceScale: 1
    m_IndirectOutputScale: 1
    m_AlbedoBoost: 1
    m_TemporalCoherenceThreshold: 1
    m_EnvironmentLightingMode: 0
    m_EnableBakedLightmaps: 1
    m_EnableRealtimeLightmaps: 1
  m_LightmapEditorSettings:
    serializedVersion: 9
    m_Resolution: 2
    m_BakeResolution: 40
    m_TextureWidth: 1024
    m_TextureHeight: 1024
    m_AO: 0
    m_AOMaxDistance: 1
    m_CompAOExponent: 1
    m_CompAOExponentDirect: 0
    m_Padding: 2
    m_LightmapParameters: {fileID: 0}
    m_LightmapsBakeMode: 1
    m_TextureCompression: 1
    m_FinalGather: 0
    m_FinalGatherFiltering: 1
    m_FinalGatherRayCount: 256
    m_ReflectionCompression: 2
    m_MixedBakeMode: 2
    m_BakeBackend: 0
    m_PVRSampling: 1
    m_PVRDirectSampleCount: 32
    m_PVRSampleCount: 500
    m_PVRBounces: 2
    m_PVRFilterTypeDirect: 0
    m_PVRFilterTypeIndirect: 0
    m_PVRFilterTypeAO: 0
    m_PVRFilteringMode: 1
    m_PVRCulling: 1
    m_PVRFilteringGaussRadiusDirect: 1
    m_PVRFilteringGaussRadiusIndirect: 5
    m_PVRFilteringGaussRadiusAO: 2
    m_PVRFilteringAtrousPositionSigmaDirect: 0.5
    m_PVRFilteringAtrousPositionSigmaIndirect: 2
    m_PVRFilteringAtrousPositionSigmaAO: 1
    m_ShowResolutionOverlay: 1
  m_LightingDataAsset: {fileID: 0}
  m_UseShadowmask: 1
--- !u!196 &4
NavMeshSettings:
  serializedVersion: 2
  m_ObjectHideFlags: 0
  m_BuildSettings:
    serializedVersion: 2
    agentTypeID: 0
    agentRadius: 0.5
    agentHeight: 2
    agentSlope: 45
    agentClimb: 0.4
    ledgeDropHeight: 5
    maxJumpAcrossDistance: 5
    minRegionArea: 2
    manualCellSize: 0
    cellSize: 0.16666667
    manualTileSize: 0
    tileSize: 256
    accuratePlacement: 0
    debug:
      m_Flags: 0
  m_NavMeshData: {fileID: 23800000, guid: 8aac0787427a56d45995198eca6f275e, type: 2}
--- !u!1 &10331526
GameObject:
  m_ObjectHideFlags: 0
  m_PrefabParentObject: {fileID: 0}
  m_PrefabInternal: {fileID: 0}
  serializedVersion: 5
  m_Component:
  - component: {fileID: 10331530}
  - component: {fileID: 10331529}
  - component: {fileID: 10331528}
  - component: {fileID: 10331527}
  m_Layer: 0
  m_Name: Cube (6)
  m_TagString: Untagged
  m_Icon: {fileID: 0}
  m_NavMeshLayer: 0
  m_StaticEditorFlags: 8
  m_IsActive: 1
--- !u!23 &10331527
MeshRenderer:
  m_ObjectHideFlags: 0
  m_PrefabParentObject: {fileID: 0}
  m_PrefabInternal: {fileID: 0}
  m_GameObject: {fileID: 10331526}
  m_Enabled: 1
  m_CastShadows: 1
  m_ReceiveShadows: 1
  m_DynamicOccludee: 1
  m_MotionVectors: 1
  m_LightProbeUsage: 1
  m_ReflectionProbeUsage: 1
  m_Materials:
  - {fileID: 10303, guid: 0000000000000000f000000000000000, type: 0}
  m_StaticBatchInfo:
    firstSubMesh: 0
    subMeshCount: 0
  m_StaticBatchRoot: {fileID: 0}
  m_ProbeAnchor: {fileID: 0}
  m_LightProbeVolumeOverride: {fileID: 0}
  m_ScaleInLightmap: 1
  m_PreserveUVs: 1
  m_IgnoreNormalsForChartDetection: 0
  m_ImportantGI: 0
  m_StitchLightmapSeams: 0
  m_SelectedEditorRenderState: 3
  m_MinimumChartSize: 4
  m_AutoUVMaxDistance: 0.5
  m_AutoUVMaxAngle: 89
  m_LightmapParameters: {fileID: 0}
  m_SortingLayerID: 0
  m_SortingLayer: 0
  m_SortingOrder: 0
--- !u!65 &10331528
BoxCollider:
  m_ObjectHideFlags: 0
  m_PrefabParentObject: {fileID: 0}
  m_PrefabInternal: {fileID: 0}
  m_GameObject: {fileID: 10331526}
  m_Material: {fileID: 0}
  m_IsTrigger: 0
  m_Enabled: 1
  serializedVersion: 2
  m_Size: {x: 1, y: 1, z: 1}
  m_Center: {x: 0, y: 0, z: 0}
--- !u!33 &10331529
MeshFilter:
  m_ObjectHideFlags: 0
  m_PrefabParentObject: {fileID: 0}
  m_PrefabInternal: {fileID: 0}
  m_GameObject: {fileID: 10331526}
  m_Mesh: {fileID: 10202, guid: 0000000000000000e000000000000000, type: 0}
--- !u!4 &10331530
Transform:
  m_ObjectHideFlags: 0
  m_PrefabParentObject: {fileID: 0}
  m_PrefabInternal: {fileID: 0}
  m_GameObject: {fileID: 10331526}
  m_LocalRotation: {x: -0, y: -0.9765123, z: -0, w: -0.21546163}
  m_LocalPosition: {x: 21.272, y: -0.81478, z: -5.8353}
  m_LocalScale: {x: 3.3287508, y: 0.80864716, z: 1.458263}
  m_Children: []
  m_Father: {fileID: 0}
  m_RootOrder: 13
  m_LocalEulerAnglesHint: {x: 0, y: -204.885, z: 0}
--- !u!1 &11282371
GameObject:
  m_ObjectHideFlags: 0
  m_PrefabParentObject: {fileID: 100012, guid: cd7b95cedd5ec0f4e92740ff3fc32d95, type: 3}
  m_PrefabInternal: {fileID: 0}
  serializedVersion: 5
  m_Component:
  - component: {fileID: 11282372}
  - component: {fileID: 11282374}
  - component: {fileID: 11282373}
  m_Layer: 0
  m_Name: ceiling
  m_TagString: Untagged
  m_Icon: {fileID: 0}
  m_NavMeshLayer: 0
  m_StaticEditorFlags: 0
  m_IsActive: 1
--- !u!4 &11282372
Transform:
  m_ObjectHideFlags: 0
  m_PrefabParentObject: {fileID: 400012, guid: cd7b95cedd5ec0f4e92740ff3fc32d95, type: 3}
  m_PrefabInternal: {fileID: 0}
  m_GameObject: {fileID: 11282371}
  m_LocalRotation: {x: 0, y: -0, z: -0, w: 1}
  m_LocalPosition: {x: -12.48, y: 0, z: 0}
  m_LocalScale: {x: 1, y: 1, z: 1}
  m_Children: []
  m_Father: {fileID: 329737972}
  m_RootOrder: 8
  m_LocalEulerAnglesHint: {x: 0, y: 0, z: 0}
--- !u!23 &11282373
MeshRenderer:
  m_ObjectHideFlags: 0
  m_PrefabParentObject: {fileID: 2300010, guid: cd7b95cedd5ec0f4e92740ff3fc32d95,
    type: 3}
  m_PrefabInternal: {fileID: 0}
  m_GameObject: {fileID: 11282371}
  m_Enabled: 1
  m_CastShadows: 1
  m_ReceiveShadows: 1
  m_DynamicOccludee: 1
  m_MotionVectors: 1
  m_LightProbeUsage: 1
  m_ReflectionProbeUsage: 1
  m_Materials:
  - {fileID: 2100010, guid: cd7b95cedd5ec0f4e92740ff3fc32d95, type: 3}
  m_StaticBatchInfo:
    firstSubMesh: 0
    subMeshCount: 0
  m_StaticBatchRoot: {fileID: 0}
  m_ProbeAnchor: {fileID: 0}
  m_LightProbeVolumeOverride: {fileID: 0}
  m_ScaleInLightmap: 1
  m_PreserveUVs: 0
  m_IgnoreNormalsForChartDetection: 0
  m_ImportantGI: 0
  m_StitchLightmapSeams: 0
  m_SelectedEditorRenderState: 3
  m_MinimumChartSize: 4
  m_AutoUVMaxDistance: 0.5
  m_AutoUVMaxAngle: 89
  m_LightmapParameters: {fileID: 0}
  m_SortingLayerID: 0
  m_SortingLayer: 0
  m_SortingOrder: 0
--- !u!33 &11282374
MeshFilter:
  m_ObjectHideFlags: 0
  m_PrefabParentObject: {fileID: 3300010, guid: cd7b95cedd5ec0f4e92740ff3fc32d95,
    type: 3}
  m_PrefabInternal: {fileID: 0}
  m_GameObject: {fileID: 11282371}
  m_Mesh: {fileID: 4300010, guid: cd7b95cedd5ec0f4e92740ff3fc32d95, type: 3}
--- !u!1 &30978756
GameObject:
  m_ObjectHideFlags: 0
  m_PrefabParentObject: {fileID: 100014, guid: cd7b95cedd5ec0f4e92740ff3fc32d95, type: 3}
  m_PrefabInternal: {fileID: 0}
  serializedVersion: 5
  m_Component:
  - component: {fileID: 30978757}
  - component: {fileID: 30978759}
  - component: {fileID: 30978758}
  m_Layer: 0
  m_Name: wall_1_side_b
  m_TagString: Untagged
  m_Icon: {fileID: 0}
  m_NavMeshLayer: 0
  m_StaticEditorFlags: 0
  m_IsActive: 1
--- !u!4 &30978757
Transform:
  m_ObjectHideFlags: 0
  m_PrefabParentObject: {fileID: 400014, guid: cd7b95cedd5ec0f4e92740ff3fc32d95, type: 3}
  m_PrefabInternal: {fileID: 0}
  m_GameObject: {fileID: 30978756}
  m_LocalRotation: {x: 0, y: -0, z: -0, w: 1}
  m_LocalPosition: {x: -0, y: 0, z: 0}
  m_LocalScale: {x: 1, y: 1, z: 1}
  m_Children: []
  m_Father: {fileID: 329737972}
  m_RootOrder: 11
  m_LocalEulerAnglesHint: {x: 0, y: 0, z: 0}
--- !u!23 &30978758
MeshRenderer:
  m_ObjectHideFlags: 0
  m_PrefabParentObject: {fileID: 2300012, guid: cd7b95cedd5ec0f4e92740ff3fc32d95,
    type: 3}
  m_PrefabInternal: {fileID: 0}
  m_GameObject: {fileID: 30978756}
  m_Enabled: 1
  m_CastShadows: 1
  m_ReceiveShadows: 1
  m_DynamicOccludee: 1
  m_MotionVectors: 1
  m_LightProbeUsage: 1
  m_ReflectionProbeUsage: 1
  m_Materials:
  - {fileID: 2100012, guid: cd7b95cedd5ec0f4e92740ff3fc32d95, type: 3}
  m_StaticBatchInfo:
    firstSubMesh: 0
    subMeshCount: 0
  m_StaticBatchRoot: {fileID: 0}
  m_ProbeAnchor: {fileID: 0}
  m_LightProbeVolumeOverride: {fileID: 0}
  m_ScaleInLightmap: 1
  m_PreserveUVs: 0
  m_IgnoreNormalsForChartDetection: 0
  m_ImportantGI: 0
  m_StitchLightmapSeams: 0
  m_SelectedEditorRenderState: 3
  m_MinimumChartSize: 4
  m_AutoUVMaxDistance: 0.5
  m_AutoUVMaxAngle: 89
  m_LightmapParameters: {fileID: 0}
  m_SortingLayerID: 0
  m_SortingLayer: 0
  m_SortingOrder: 0
--- !u!33 &30978759
MeshFilter:
  m_ObjectHideFlags: 0
  m_PrefabParentObject: {fileID: 3300012, guid: cd7b95cedd5ec0f4e92740ff3fc32d95,
    type: 3}
  m_PrefabInternal: {fileID: 0}
  m_GameObject: {fileID: 30978756}
  m_Mesh: {fileID: 4300012, guid: cd7b95cedd5ec0f4e92740ff3fc32d95, type: 3}
--- !u!1 &151233520
GameObject:
  m_ObjectHideFlags: 0
  m_PrefabParentObject: {fileID: 100010, guid: cd7b95cedd5ec0f4e92740ff3fc32d95, type: 3}
  m_PrefabInternal: {fileID: 0}
  serializedVersion: 5
  m_Component:
  - component: {fileID: 151233521}
  - component: {fileID: 151233523}
  - component: {fileID: 151233522}
  m_Layer: 0
  m_Name: wall1
  m_TagString: Untagged
  m_Icon: {fileID: 0}
  m_NavMeshLayer: 0
  m_StaticEditorFlags: 0
  m_IsActive: 1
--- !u!4 &151233521
Transform:
  m_ObjectHideFlags: 0
  m_PrefabParentObject: {fileID: 400010, guid: cd7b95cedd5ec0f4e92740ff3fc32d95, type: 3}
  m_PrefabInternal: {fileID: 0}
  m_GameObject: {fileID: 151233520}
  m_LocalRotation: {x: 0, y: -0, z: -0, w: 1}
  m_LocalPosition: {x: -0, y: 0, z: 0}
  m_LocalScale: {x: 1, y: 1, z: 1}
  m_Children: []
  m_Father: {fileID: 329737972}
  m_RootOrder: 4
  m_LocalEulerAnglesHint: {x: 0, y: 0, z: 0}
--- !u!23 &151233522
MeshRenderer:
  m_ObjectHideFlags: 0
  m_PrefabParentObject: {fileID: 2300008, guid: cd7b95cedd5ec0f4e92740ff3fc32d95,
    type: 3}
  m_PrefabInternal: {fileID: 0}
  m_GameObject: {fileID: 151233520}
  m_Enabled: 1
  m_CastShadows: 1
  m_ReceiveShadows: 1
  m_DynamicOccludee: 1
  m_MotionVectors: 1
  m_LightProbeUsage: 1
  m_ReflectionProbeUsage: 1
  m_Materials:
  - {fileID: 2100008, guid: cd7b95cedd5ec0f4e92740ff3fc32d95, type: 3}
  m_StaticBatchInfo:
    firstSubMesh: 0
    subMeshCount: 0
  m_StaticBatchRoot: {fileID: 0}
  m_ProbeAnchor: {fileID: 0}
  m_LightProbeVolumeOverride: {fileID: 0}
  m_ScaleInLightmap: 1
  m_PreserveUVs: 0
  m_IgnoreNormalsForChartDetection: 0
  m_ImportantGI: 0
  m_StitchLightmapSeams: 0
  m_SelectedEditorRenderState: 3
  m_MinimumChartSize: 4
  m_AutoUVMaxDistance: 0.5
  m_AutoUVMaxAngle: 89
  m_LightmapParameters: {fileID: 0}
  m_SortingLayerID: 0
  m_SortingLayer: 0
  m_SortingOrder: 0
--- !u!33 &151233523
MeshFilter:
  m_ObjectHideFlags: 0
  m_PrefabParentObject: {fileID: 3300008, guid: cd7b95cedd5ec0f4e92740ff3fc32d95,
    type: 3}
  m_PrefabInternal: {fileID: 0}
  m_GameObject: {fileID: 151233520}
  m_Mesh: {fileID: 4300008, guid: cd7b95cedd5ec0f4e92740ff3fc32d95, type: 3}
--- !u!1 &329737971
GameObject:
  m_ObjectHideFlags: 0
  m_PrefabParentObject: {fileID: 100006, guid: cd7b95cedd5ec0f4e92740ff3fc32d95, type: 3}
  m_PrefabInternal: {fileID: 0}
  serializedVersion: 5
  m_Component:
  - component: {fileID: 329737972}
  m_Layer: 0
  m_Name: House_inside_complete
  m_TagString: Untagged
  m_Icon: {fileID: 0}
  m_NavMeshLayer: 0
  m_StaticEditorFlags: 0
  m_IsActive: 1
--- !u!4 &329737972
Transform:
  m_ObjectHideFlags: 0
  m_PrefabParentObject: {fileID: 400006, guid: cd7b95cedd5ec0f4e92740ff3fc32d95, type: 3}
  m_PrefabInternal: {fileID: 0}
  m_GameObject: {fileID: 329737971}
  m_LocalRotation: {x: 0, y: -0, z: -0, w: 1}
  m_LocalPosition: {x: 11.868, y: -9.0511, z: 5.5865}
  m_LocalScale: {x: 1.9991319, y: 1.9991322, z: 1.9991322}
  m_Children:
  - {fileID: 1151789953}
  - {fileID: 1140148884}
  - {fileID: 1816059556}
  - {fileID: 1057939777}
  - {fileID: 151233521}
  - {fileID: 2047524315}
  - {fileID: 460915530}
  - {fileID: 1400678649}
  - {fileID: 11282372}
  - {fileID: 791473187}
  - {fileID: 1711163003}
  - {fileID: 30978757}
  - {fileID: 694208998}
  - {fileID: 489350730}
  - {fileID: 2041822756}
  m_Father: {fileID: 0}
  m_RootOrder: 0
  m_LocalEulerAnglesHint: {x: 0, y: 0, z: 0}
--- !u!4 &336733455 stripped
Transform:
  m_PrefabParentObject: {fileID: 400000, guid: 48de73037e7e89644a5c92e9e816f419, type: 3}
  m_PrefabInternal: {fileID: 918693449}
--- !u!1 &357962881 stripped
GameObject:
  m_PrefabParentObject: {fileID: 100002, guid: 48de73037e7e89644a5c92e9e816f419, type: 3}
  m_PrefabInternal: {fileID: 918693449}
--- !u!64 &357962885
MeshCollider:
  m_ObjectHideFlags: 0
  m_PrefabParentObject: {fileID: 0}
  m_PrefabInternal: {fileID: 0}
  m_GameObject: {fileID: 357962881}
  m_Material: {fileID: 0}
  m_IsTrigger: 0
  m_Enabled: 1
  serializedVersion: 3
  m_Convex: 1
  m_CookingOptions: 14
  m_SkinWidth: 0.01
  m_Mesh: {fileID: 4300000, guid: 48de73037e7e89644a5c92e9e816f419, type: 3}
--- !u!1 &441612333
GameObject:
  m_ObjectHideFlags: 0
  m_PrefabParentObject: {fileID: 0}
  m_PrefabInternal: {fileID: 0}
  serializedVersion: 5
  m_Component:
  - component: {fileID: 441612337}
  - component: {fileID: 441612336}
  - component: {fileID: 441612335}
  - component: {fileID: 441612334}
  m_Layer: 0
  m_Name: Cube (1)
  m_TagString: Untagged
  m_Icon: {fileID: 0}
  m_NavMeshLayer: 0
  m_StaticEditorFlags: 8
  m_IsActive: 1
--- !u!23 &441612334
MeshRenderer:
  m_ObjectHideFlags: 0
  m_PrefabParentObject: {fileID: 0}
  m_PrefabInternal: {fileID: 0}
  m_GameObject: {fileID: 441612333}
  m_Enabled: 1
  m_CastShadows: 1
  m_ReceiveShadows: 1
  m_DynamicOccludee: 1
  m_MotionVectors: 1
  m_LightProbeUsage: 1
  m_ReflectionProbeUsage: 1
  m_Materials:
  - {fileID: 10303, guid: 0000000000000000f000000000000000, type: 0}
  m_StaticBatchInfo:
    firstSubMesh: 0
    subMeshCount: 0
  m_StaticBatchRoot: {fileID: 0}
  m_ProbeAnchor: {fileID: 0}
  m_LightProbeVolumeOverride: {fileID: 0}
  m_ScaleInLightmap: 1
  m_PreserveUVs: 1
  m_IgnoreNormalsForChartDetection: 0
  m_ImportantGI: 0
  m_StitchLightmapSeams: 0
  m_SelectedEditorRenderState: 3
  m_MinimumChartSize: 4
  m_AutoUVMaxDistance: 0.5
  m_AutoUVMaxAngle: 89
  m_LightmapParameters: {fileID: 0}
  m_SortingLayerID: 0
  m_SortingLayer: 0
  m_SortingOrder: 0
--- !u!65 &441612335
BoxCollider:
  m_ObjectHideFlags: 0
  m_PrefabParentObject: {fileID: 0}
  m_PrefabInternal: {fileID: 0}
  m_GameObject: {fileID: 441612333}
  m_Material: {fileID: 0}
  m_IsTrigger: 0
  m_Enabled: 1
  serializedVersion: 2
  m_Size: {x: 1, y: 1, z: 1}
  m_Center: {x: 0, y: 0, z: 0}
--- !u!33 &441612336
MeshFilter:
  m_ObjectHideFlags: 0
  m_PrefabParentObject: {fileID: 0}
  m_PrefabInternal: {fileID: 0}
  m_GameObject: {fileID: 441612333}
  m_Mesh: {fileID: 10202, guid: 0000000000000000e000000000000000, type: 0}
--- !u!4 &441612337
Transform:
  m_ObjectHideFlags: 0
  m_PrefabParentObject: {fileID: 0}
  m_PrefabInternal: {fileID: 0}
  m_GameObject: {fileID: 441612333}
  m_LocalRotation: {x: -0, y: -0.15952794, z: -0, w: 0.9871934}
  m_LocalPosition: {x: 24.511, y: -5.3328, z: -3.2563}
  m_LocalScale: {x: 3.3287508, y: 0.80864716, z: 1.458263}
  m_Children: []
  m_Father: {fileID: 0}
  m_RootOrder: 8
  m_LocalEulerAnglesHint: {x: 0, y: -18.359001, z: 0}
--- !u!1 &460915529
GameObject:
  m_ObjectHideFlags: 0
  m_PrefabParentObject: {fileID: 100020, guid: cd7b95cedd5ec0f4e92740ff3fc32d95, type: 3}
  m_PrefabInternal: {fileID: 0}
  serializedVersion: 5
  m_Component:
  - component: {fileID: 460915530}
  - component: {fileID: 460915532}
  - component: {fileID: 460915531}
  m_Layer: 0
  m_Name: wall3
  m_TagString: Untagged
  m_Icon: {fileID: 0}
  m_NavMeshLayer: 0
  m_StaticEditorFlags: 0
  m_IsActive: 1
--- !u!4 &460915530
Transform:
  m_ObjectHideFlags: 0
  m_PrefabParentObject: {fileID: 400020, guid: cd7b95cedd5ec0f4e92740ff3fc32d95, type: 3}
  m_PrefabInternal: {fileID: 0}
  m_GameObject: {fileID: 460915529}
  m_LocalRotation: {x: 0, y: -0, z: -0, w: 1}
  m_LocalPosition: {x: -0, y: 0, z: 0}
  m_LocalScale: {x: 1, y: 1, z: 1}
  m_Children: []
  m_Father: {fileID: 329737972}
  m_RootOrder: 6
  m_LocalEulerAnglesHint: {x: 0, y: 0, z: 0}
--- !u!23 &460915531
MeshRenderer:
  m_ObjectHideFlags: 0
  m_PrefabParentObject: {fileID: 2300018, guid: cd7b95cedd5ec0f4e92740ff3fc32d95,
    type: 3}
  m_PrefabInternal: {fileID: 0}
  m_GameObject: {fileID: 460915529}
  m_Enabled: 1
  m_CastShadows: 1
  m_ReceiveShadows: 1
  m_DynamicOccludee: 1
  m_MotionVectors: 1
  m_LightProbeUsage: 1
  m_ReflectionProbeUsage: 1
  m_Materials:
  - {fileID: 2100018, guid: cd7b95cedd5ec0f4e92740ff3fc32d95, type: 3}
  m_StaticBatchInfo:
    firstSubMesh: 0
    subMeshCount: 0
  m_StaticBatchRoot: {fileID: 0}
  m_ProbeAnchor: {fileID: 0}
  m_LightProbeVolumeOverride: {fileID: 0}
  m_ScaleInLightmap: 1
  m_PreserveUVs: 0
  m_IgnoreNormalsForChartDetection: 0
  m_ImportantGI: 0
  m_StitchLightmapSeams: 0
  m_SelectedEditorRenderState: 3
  m_MinimumChartSize: 4
  m_AutoUVMaxDistance: 0.5
  m_AutoUVMaxAngle: 89
  m_LightmapParameters: {fileID: 0}
  m_SortingLayerID: 0
  m_SortingLayer: 0
  m_SortingOrder: 0
--- !u!33 &460915532
MeshFilter:
  m_ObjectHideFlags: 0
  m_PrefabParentObject: {fileID: 3300018, guid: cd7b95cedd5ec0f4e92740ff3fc32d95,
    type: 3}
  m_PrefabInternal: {fileID: 0}
  m_GameObject: {fileID: 460915529}
  m_Mesh: {fileID: 4300018, guid: cd7b95cedd5ec0f4e92740ff3fc32d95, type: 3}
--- !u!1 &489350729
GameObject:
  m_ObjectHideFlags: 0
  m_PrefabParentObject: {fileID: 100030, guid: cd7b95cedd5ec0f4e92740ff3fc32d95, type: 3}
  m_PrefabInternal: {fileID: 0}
  serializedVersion: 5
  m_Component:
  - component: {fileID: 489350730}
  - component: {fileID: 489350732}
  - component: {fileID: 489350731}
  - component: {fileID: 489350733}
  m_Layer: 0
  m_Name: staircase2
  m_TagString: Untagged
  m_Icon: {fileID: 0}
  m_NavMeshLayer: 0
  m_StaticEditorFlags: 40
  m_IsActive: 1
--- !u!4 &489350730
Transform:
  m_ObjectHideFlags: 0
  m_PrefabParentObject: {fileID: 400030, guid: cd7b95cedd5ec0f4e92740ff3fc32d95, type: 3}
  m_PrefabInternal: {fileID: 0}
  m_GameObject: {fileID: 489350729}
  m_LocalRotation: {x: -0, y: 0.73730147, z: -0, w: 0.6755639}
  m_LocalPosition: {x: 0.45, y: -0.00000033299514, z: 4.96}
  m_LocalScale: {x: 1, y: 1, z: 1}
  m_Children: []
  m_Father: {fileID: 329737972}
  m_RootOrder: 13
  m_LocalEulerAnglesHint: {x: 0, y: 95.004005, z: 0}
--- !u!23 &489350731
MeshRenderer:
  m_ObjectHideFlags: 0
  m_PrefabParentObject: {fileID: 2300028, guid: cd7b95cedd5ec0f4e92740ff3fc32d95,
    type: 3}
  m_PrefabInternal: {fileID: 0}
  m_GameObject: {fileID: 489350729}
  m_Enabled: 1
  m_CastShadows: 1
  m_ReceiveShadows: 1
  m_DynamicOccludee: 1
  m_MotionVectors: 1
  m_LightProbeUsage: 1
  m_ReflectionProbeUsage: 1
  m_Materials:
  - {fileID: 2100028, guid: cd7b95cedd5ec0f4e92740ff3fc32d95, type: 3}
  m_StaticBatchInfo:
    firstSubMesh: 0
    subMeshCount: 0
  m_StaticBatchRoot: {fileID: 0}
  m_ProbeAnchor: {fileID: 0}
  m_LightProbeVolumeOverride: {fileID: 0}
  m_ScaleInLightmap: 1
  m_PreserveUVs: 0
  m_IgnoreNormalsForChartDetection: 0
  m_ImportantGI: 0
  m_StitchLightmapSeams: 0
  m_SelectedEditorRenderState: 3
  m_MinimumChartSize: 4
  m_AutoUVMaxDistance: 0.5
  m_AutoUVMaxAngle: 89
  m_LightmapParameters: {fileID: 0}
  m_SortingLayerID: 0
  m_SortingLayer: 0
  m_SortingOrder: 0
--- !u!33 &489350732
MeshFilter:
  m_ObjectHideFlags: 0
  m_PrefabParentObject: {fileID: 3300028, guid: cd7b95cedd5ec0f4e92740ff3fc32d95,
    type: 3}
  m_PrefabInternal: {fileID: 0}
  m_GameObject: {fileID: 489350729}
  m_Mesh: {fileID: 4300028, guid: cd7b95cedd5ec0f4e92740ff3fc32d95, type: 3}
--- !u!64 &489350733
MeshCollider:
  m_ObjectHideFlags: 0
  m_PrefabParentObject: {fileID: 0}
  m_PrefabInternal: {fileID: 0}
  m_GameObject: {fileID: 489350729}
  m_Material: {fileID: 0}
  m_IsTrigger: 0
  m_Enabled: 1
  serializedVersion: 3
  m_Convex: 0
  m_CookingOptions: 14
  m_SkinWidth: 0.01
  m_Mesh: {fileID: 4300028, guid: cd7b95cedd5ec0f4e92740ff3fc32d95, type: 3}
--- !u!4 &608987120 stripped
Transform:
  m_PrefabParentObject: {fileID: 400000, guid: d30ce2a40cfe3ac449c1f1eafe3dce9b, type: 3}
  m_PrefabInternal: {fileID: 924230786}
--- !u!1 &694208997
GameObject:
  m_ObjectHideFlags: 0
  m_PrefabParentObject: {fileID: 100028, guid: cd7b95cedd5ec0f4e92740ff3fc32d95, type: 3}
  m_PrefabInternal: {fileID: 0}
  serializedVersion: 5
  m_Component:
  - component: {fileID: 694208998}
  - component: {fileID: 694209000}
  - component: {fileID: 694208999}
  m_Layer: 0
  m_Name: ceiling_round
  m_TagString: Untagged
  m_Icon: {fileID: 0}
  m_NavMeshLayer: 0
  m_StaticEditorFlags: 0
  m_IsActive: 1
--- !u!4 &694208998
Transform:
  m_ObjectHideFlags: 0
  m_PrefabParentObject: {fileID: 400028, guid: cd7b95cedd5ec0f4e92740ff3fc32d95, type: 3}
  m_PrefabInternal: {fileID: 0}
  m_GameObject: {fileID: 694208997}
  m_LocalRotation: {x: 0, y: -0, z: -0, w: 1}
  m_LocalPosition: {x: -0, y: -0.05, z: 0}
  m_LocalScale: {x: 1, y: 1, z: 1}
  m_Children: []
  m_Father: {fileID: 329737972}
  m_RootOrder: 12
  m_LocalEulerAnglesHint: {x: 0, y: 0, z: 0}
--- !u!23 &694208999
MeshRenderer:
  m_ObjectHideFlags: 0
  m_PrefabParentObject: {fileID: 2300026, guid: cd7b95cedd5ec0f4e92740ff3fc32d95,
    type: 3}
  m_PrefabInternal: {fileID: 0}
  m_GameObject: {fileID: 694208997}
  m_Enabled: 1
  m_CastShadows: 1
  m_ReceiveShadows: 1
  m_DynamicOccludee: 1
  m_MotionVectors: 1
  m_LightProbeUsage: 1
  m_ReflectionProbeUsage: 1
  m_Materials:
  - {fileID: 2100026, guid: cd7b95cedd5ec0f4e92740ff3fc32d95, type: 3}
  m_StaticBatchInfo:
    firstSubMesh: 0
    subMeshCount: 0
  m_StaticBatchRoot: {fileID: 0}
  m_ProbeAnchor: {fileID: 0}
  m_LightProbeVolumeOverride: {fileID: 0}
  m_ScaleInLightmap: 1
  m_PreserveUVs: 0
  m_IgnoreNormalsForChartDetection: 0
  m_ImportantGI: 0
  m_StitchLightmapSeams: 0
  m_SelectedEditorRenderState: 3
  m_MinimumChartSize: 4
  m_AutoUVMaxDistance: 0.5
  m_AutoUVMaxAngle: 89
  m_LightmapParameters: {fileID: 0}
  m_SortingLayerID: 0
  m_SortingLayer: 0
  m_SortingOrder: 0
--- !u!33 &694209000
MeshFilter:
  m_ObjectHideFlags: 0
  m_PrefabParentObject: {fileID: 3300026, guid: cd7b95cedd5ec0f4e92740ff3fc32d95,
    type: 3}
  m_PrefabInternal: {fileID: 0}
  m_GameObject: {fileID: 694208997}
  m_Mesh: {fileID: 4300026, guid: cd7b95cedd5ec0f4e92740ff3fc32d95, type: 3}
--- !u!4 &739541326 stripped
Transform:
  m_PrefabParentObject: {fileID: 400004, guid: 64f92bd5c50a1264cb8d3883e5ff5a46, type: 3}
  m_PrefabInternal: {fileID: 1340351895}
--- !u!1 &791473186
GameObject:
  m_ObjectHideFlags: 0
  m_PrefabParentObject: {fileID: 100016, guid: cd7b95cedd5ec0f4e92740ff3fc32d95, type: 3}
  m_PrefabInternal: {fileID: 0}
  serializedVersion: 5
  m_Component:
  - component: {fileID: 791473187}
  - component: {fileID: 791473189}
  - component: {fileID: 791473188}
  m_Layer: 0
  m_Name: wall_entrance
  m_TagString: Untagged
  m_Icon: {fileID: 0}
  m_NavMeshLayer: 0
  m_StaticEditorFlags: 0
  m_IsActive: 1
--- !u!4 &791473187
Transform:
  m_ObjectHideFlags: 0
  m_PrefabParentObject: {fileID: 400016, guid: cd7b95cedd5ec0f4e92740ff3fc32d95, type: 3}
  m_PrefabInternal: {fileID: 0}
  m_GameObject: {fileID: 791473186}
  m_LocalRotation: {x: 0, y: -0, z: -0, w: 1}
  m_LocalPosition: {x: -0, y: 0, z: 0}
  m_LocalScale: {x: 1, y: 1, z: 1}
  m_Children: []
  m_Father: {fileID: 329737972}
  m_RootOrder: 9
  m_LocalEulerAnglesHint: {x: 0, y: 0, z: 0}
--- !u!23 &791473188
MeshRenderer:
  m_ObjectHideFlags: 0
  m_PrefabParentObject: {fileID: 2300014, guid: cd7b95cedd5ec0f4e92740ff3fc32d95,
    type: 3}
  m_PrefabInternal: {fileID: 0}
  m_GameObject: {fileID: 791473186}
  m_Enabled: 1
  m_CastShadows: 1
  m_ReceiveShadows: 1
  m_DynamicOccludee: 1
  m_MotionVectors: 1
  m_LightProbeUsage: 1
  m_ReflectionProbeUsage: 1
  m_Materials:
  - {fileID: 2100014, guid: cd7b95cedd5ec0f4e92740ff3fc32d95, type: 3}
  m_StaticBatchInfo:
    firstSubMesh: 0
    subMeshCount: 0
  m_StaticBatchRoot: {fileID: 0}
  m_ProbeAnchor: {fileID: 0}
  m_LightProbeVolumeOverride: {fileID: 0}
  m_ScaleInLightmap: 1
  m_PreserveUVs: 0
  m_IgnoreNormalsForChartDetection: 0
  m_ImportantGI: 0
  m_StitchLightmapSeams: 0
  m_SelectedEditorRenderState: 3
  m_MinimumChartSize: 4
  m_AutoUVMaxDistance: 0.5
  m_AutoUVMaxAngle: 89
  m_LightmapParameters: {fileID: 0}
  m_SortingLayerID: 0
  m_SortingLayer: 0
  m_SortingOrder: 0
--- !u!33 &791473189
MeshFilter:
  m_ObjectHideFlags: 0
  m_PrefabParentObject: {fileID: 3300014, guid: cd7b95cedd5ec0f4e92740ff3fc32d95,
    type: 3}
  m_PrefabInternal: {fileID: 0}
  m_GameObject: {fileID: 791473186}
  m_Mesh: {fileID: 4300014, guid: cd7b95cedd5ec0f4e92740ff3fc32d95, type: 3}
--- !u!1 &881208608
GameObject:
  m_ObjectHideFlags: 0
  m_PrefabParentObject: {fileID: 0}
  m_PrefabInternal: {fileID: 0}
  serializedVersion: 5
  m_Component:
  - component: {fileID: 881208612}
  - component: {fileID: 881208611}
  - component: {fileID: 881208610}
  - component: {fileID: 881208609}
  m_Layer: 0
  m_Name: Cube (3)
  m_TagString: Untagged
  m_Icon: {fileID: 0}
  m_NavMeshLayer: 0
  m_StaticEditorFlags: 8
  m_IsActive: 1
--- !u!23 &881208609
MeshRenderer:
  m_ObjectHideFlags: 0
  m_PrefabParentObject: {fileID: 0}
  m_PrefabInternal: {fileID: 0}
  m_GameObject: {fileID: 881208608}
  m_Enabled: 1
  m_CastShadows: 1
  m_ReceiveShadows: 1
  m_DynamicOccludee: 1
  m_MotionVectors: 1
  m_LightProbeUsage: 1
  m_ReflectionProbeUsage: 1
  m_Materials:
  - {fileID: 10303, guid: 0000000000000000f000000000000000, type: 0}
  m_StaticBatchInfo:
    firstSubMesh: 0
    subMeshCount: 0
  m_StaticBatchRoot: {fileID: 0}
  m_ProbeAnchor: {fileID: 0}
  m_LightProbeVolumeOverride: {fileID: 0}
  m_ScaleInLightmap: 1
  m_PreserveUVs: 1
  m_IgnoreNormalsForChartDetection: 0
  m_ImportantGI: 0
  m_StitchLightmapSeams: 0
  m_SelectedEditorRenderState: 3
  m_MinimumChartSize: 4
  m_AutoUVMaxDistance: 0.5
  m_AutoUVMaxAngle: 89
  m_LightmapParameters: {fileID: 0}
  m_SortingLayerID: 0
  m_SortingLayer: 0
  m_SortingOrder: 0
--- !u!65 &881208610
BoxCollider:
  m_ObjectHideFlags: 0
  m_PrefabParentObject: {fileID: 0}
  m_PrefabInternal: {fileID: 0}
  m_GameObject: {fileID: 881208608}
  m_Material: {fileID: 0}
  m_IsTrigger: 0
  m_Enabled: 1
  serializedVersion: 2
  m_Size: {x: 1, y: 1, z: 1}
  m_Center: {x: 0, y: 0, z: 0}
--- !u!33 &881208611
MeshFilter:
  m_ObjectHideFlags: 0
  m_PrefabParentObject: {fileID: 0}
  m_PrefabInternal: {fileID: 0}
  m_GameObject: {fileID: 881208608}
  m_Mesh: {fileID: 10202, guid: 0000000000000000e000000000000000, type: 0}
--- !u!4 &881208612
Transform:
  m_ObjectHideFlags: 0
  m_PrefabParentObject: {fileID: 0}
  m_PrefabInternal: {fileID: 0}
  m_GameObject: {fileID: 881208608}
  m_LocalRotation: {x: -0, y: -0.65473485, z: -0, w: 0.7558587}
  m_LocalPosition: {x: 22.491, y: -3.3136, z: -2.2968}
  m_LocalScale: {x: 3.3287508, y: 0.80864716, z: 1.4582648}
  m_Children: []
  m_Father: {fileID: 0}
  m_RootOrder: 10
  m_LocalEulerAnglesHint: {x: 0, y: -81.799, z: 0}
--- !u!1 &891292300
GameObject:
  m_ObjectHideFlags: 0
  m_PrefabParentObject: {fileID: 0}
  m_PrefabInternal: {fileID: 0}
  serializedVersion: 5
  m_Component:
  - component: {fileID: 891292304}
  - component: {fileID: 891292303}
  - component: {fileID: 891292302}
  - component: {fileID: 891292301}
  m_Layer: 0
  m_Name: Cube (10)
  m_TagString: Untagged
  m_Icon: {fileID: 0}
  m_NavMeshLayer: 0
  m_StaticEditorFlags: 8
  m_IsActive: 1
--- !u!23 &891292301
MeshRenderer:
  m_ObjectHideFlags: 0
  m_PrefabParentObject: {fileID: 0}
  m_PrefabInternal: {fileID: 0}
  m_GameObject: {fileID: 891292300}
  m_Enabled: 1
  m_CastShadows: 1
  m_ReceiveShadows: 1
  m_DynamicOccludee: 1
  m_MotionVectors: 1
  m_LightProbeUsage: 1
  m_ReflectionProbeUsage: 1
  m_Materials:
  - {fileID: 10303, guid: 0000000000000000f000000000000000, type: 0}
  m_StaticBatchInfo:
    firstSubMesh: 0
    subMeshCount: 0
  m_StaticBatchRoot: {fileID: 0}
  m_ProbeAnchor: {fileID: 0}
  m_LightProbeVolumeOverride: {fileID: 0}
  m_ScaleInLightmap: 1
  m_PreserveUVs: 1
  m_IgnoreNormalsForChartDetection: 0
  m_ImportantGI: 0
  m_StitchLightmapSeams: 0
  m_SelectedEditorRenderState: 3
  m_MinimumChartSize: 4
  m_AutoUVMaxDistance: 0.5
  m_AutoUVMaxAngle: 89
  m_LightmapParameters: {fileID: 0}
  m_SortingLayerID: 0
  m_SortingLayer: 0
  m_SortingOrder: 0
--- !u!65 &891292302
BoxCollider:
  m_ObjectHideFlags: 0
  m_PrefabParentObject: {fileID: 0}
  m_PrefabInternal: {fileID: 0}
  m_GameObject: {fileID: 891292300}
  m_Material: {fileID: 0}
  m_IsTrigger: 0
  m_Enabled: 1
  serializedVersion: 2
  m_Size: {x: 1, y: 1, z: 1}
  m_Center: {x: 0, y: 0, z: 0}
--- !u!33 &891292303
MeshFilter:
  m_ObjectHideFlags: 0
  m_PrefabParentObject: {fileID: 0}
  m_PrefabInternal: {fileID: 0}
  m_GameObject: {fileID: 891292300}
  m_Mesh: {fileID: 10202, guid: 0000000000000000e000000000000000, type: 0}
--- !u!4 &891292304
Transform:
  m_ObjectHideFlags: 0
  m_PrefabParentObject: {fileID: 0}
  m_PrefabInternal: {fileID: 0}
  m_GameObject: {fileID: 891292300}
  m_LocalRotation: {x: -0, y: -0.07028736, z: -0, w: -0.99752676}
  m_LocalPosition: {x: 24.975, y: 2.9777, z: -4.1339}
  m_LocalScale: {x: 3.3287508, y: 0.80864716, z: 1.458263}
  m_Children: []
  m_Father: {fileID: 0}
  m_RootOrder: 17
  m_LocalEulerAnglesHint: {x: 0, y: -351.939, z: 0}
--- !u!1 &903658971
GameObject:
  m_ObjectHideFlags: 0
  m_PrefabParentObject: {fileID: 0}
  m_PrefabInternal: {fileID: 0}
  serializedVersion: 5
  m_Component:
  - component: {fileID: 903658975}
  - component: {fileID: 903658974}
  - component: {fileID: 903658973}
  - component: {fileID: 903658972}
  m_Layer: 0
  m_Name: Cube (7)
  m_TagString: Untagged
  m_Icon: {fileID: 0}
  m_NavMeshLayer: 0
  m_StaticEditorFlags: 8
  m_IsActive: 1
--- !u!23 &903658972
MeshRenderer:
  m_ObjectHideFlags: 0
  m_PrefabParentObject: {fileID: 0}
  m_PrefabInternal: {fileID: 0}
  m_GameObject: {fileID: 903658971}
  m_Enabled: 1
  m_CastShadows: 1
  m_ReceiveShadows: 1
  m_DynamicOccludee: 1
  m_MotionVectors: 1
  m_LightProbeUsage: 1
  m_ReflectionProbeUsage: 1
  m_Materials:
  - {fileID: 10303, guid: 0000000000000000f000000000000000, type: 0}
  m_StaticBatchInfo:
    firstSubMesh: 0
    subMeshCount: 0
  m_StaticBatchRoot: {fileID: 0}
  m_ProbeAnchor: {fileID: 0}
  m_LightProbeVolumeOverride: {fileID: 0}
  m_ScaleInLightmap: 1
  m_PreserveUVs: 1
  m_IgnoreNormalsForChartDetection: 0
  m_ImportantGI: 0
  m_StitchLightmapSeams: 0
  m_SelectedEditorRenderState: 3
  m_MinimumChartSize: 4
  m_AutoUVMaxDistance: 0.5
  m_AutoUVMaxAngle: 89
  m_LightmapParameters: {fileID: 0}
  m_SortingLayerID: 0
  m_SortingLayer: 0
  m_SortingOrder: 0
--- !u!65 &903658973
BoxCollider:
  m_ObjectHideFlags: 0
  m_PrefabParentObject: {fileID: 0}
  m_PrefabInternal: {fileID: 0}
  m_GameObject: {fileID: 903658971}
  m_Material: {fileID: 0}
  m_IsTrigger: 0
  m_Enabled: 1
  serializedVersion: 2
  m_Size: {x: 1, y: 1, z: 1}
  m_Center: {x: 0, y: 0, z: 0}
--- !u!33 &903658974
MeshFilter:
  m_ObjectHideFlags: 0
  m_PrefabParentObject: {fileID: 0}
  m_PrefabInternal: {fileID: 0}
  m_GameObject: {fileID: 903658971}
  m_Mesh: {fileID: 10202, guid: 0000000000000000e000000000000000, type: 0}
--- !u!4 &903658975
Transform:
  m_ObjectHideFlags: 0
  m_PrefabParentObject: {fileID: 0}
  m_PrefabInternal: {fileID: 0}
  m_GameObject: {fileID: 903658971}
  m_LocalRotation: {x: -0, y: -0.83651483, z: -0, w: -0.54794437}
  m_LocalPosition: {x: 21.912, y: 0.064864, z: -6.4349}
  m_LocalScale: {x: 3.3287508, y: 0.80864716, z: 1.4582648}
  m_Children: []
  m_Father: {fileID: 0}
  m_RootOrder: 14
  m_LocalEulerAnglesHint: {x: 0, y: -246.452, z: 0}
--- !u!1001 &918693449
Prefab:
  m_ObjectHideFlags: 0
  serializedVersion: 2
  m_Modification:
    m_TransformParent: {fileID: 1352434837}
    m_Modifications:
    - target: {fileID: 400000, guid: 48de73037e7e89644a5c92e9e816f419, type: 3}
      propertyPath: m_LocalPosition.x
      value: -0.02
      objectReference: {fileID: 0}
    - target: {fileID: 400000, guid: 48de73037e7e89644a5c92e9e816f419, type: 3}
      propertyPath: m_LocalPosition.y
      value: -0.8417206
      objectReference: {fileID: 0}
    - target: {fileID: 400000, guid: 48de73037e7e89644a5c92e9e816f419, type: 3}
      propertyPath: m_LocalPosition.z
      value: 10.91
      objectReference: {fileID: 0}
    - target: {fileID: 400000, guid: 48de73037e7e89644a5c92e9e816f419, type: 3}
      propertyPath: m_LocalRotation.x
      value: -0
      objectReference: {fileID: 0}
    - target: {fileID: 400000, guid: 48de73037e7e89644a5c92e9e816f419, type: 3}
      propertyPath: m_LocalRotation.y
      value: -0
      objectReference: {fileID: 0}
    - target: {fileID: 400000, guid: 48de73037e7e89644a5c92e9e816f419, type: 3}
      propertyPath: m_LocalRotation.z
      value: -0
      objectReference: {fileID: 0}
    - target: {fileID: 400000, guid: 48de73037e7e89644a5c92e9e816f419, type: 3}
      propertyPath: m_LocalRotation.w
      value: 1
      objectReference: {fileID: 0}
    - target: {fileID: 400000, guid: 48de73037e7e89644a5c92e9e816f419, type: 3}
      propertyPath: m_RootOrder
      value: 4
      objectReference: {fileID: 0}
    - target: {fileID: 400000, guid: 48de73037e7e89644a5c92e9e816f419, type: 3}
      propertyPath: m_LocalScale.x
      value: 0.19249552
      objectReference: {fileID: 0}
    - target: {fileID: 400000, guid: 48de73037e7e89644a5c92e9e816f419, type: 3}
      propertyPath: m_LocalScale.y
      value: 0.19249547
      objectReference: {fileID: 0}
    - target: {fileID: 400000, guid: 48de73037e7e89644a5c92e9e816f419, type: 3}
      propertyPath: m_LocalScale.z
      value: 0.19249547
      objectReference: {fileID: 0}
    - target: {fileID: 400002, guid: 48de73037e7e89644a5c92e9e816f419, type: 3}
      propertyPath: m_LocalRotation.x
      value: -0
      objectReference: {fileID: 0}
    - target: {fileID: 400002, guid: 48de73037e7e89644a5c92e9e816f419, type: 3}
      propertyPath: m_LocalRotation.y
      value: -0.52009785
      objectReference: {fileID: 0}
    - target: {fileID: 400002, guid: 48de73037e7e89644a5c92e9e816f419, type: 3}
      propertyPath: m_LocalRotation.w
      value: 0.85410666
      objectReference: {fileID: 0}
    - target: {fileID: 400002, guid: 48de73037e7e89644a5c92e9e816f419, type: 3}
      propertyPath: m_LocalEulerAnglesHint.y
      value: -62.678
      objectReference: {fileID: 0}
    - target: {fileID: 400002, guid: 48de73037e7e89644a5c92e9e816f419, type: 3}
      propertyPath: m_LocalPosition.x
      value: -5.97
      objectReference: {fileID: 0}
    m_RemovedComponents: []
  m_ParentPrefab: {fileID: 100100000, guid: 48de73037e7e89644a5c92e9e816f419, type: 3}
  m_IsPrefabParent: 0
--- !u!1 &922066825
GameObject:
  m_ObjectHideFlags: 0
  m_PrefabParentObject: {fileID: 0}
  m_PrefabInternal: {fileID: 0}
  serializedVersion: 5
  m_Component:
  - component: {fileID: 922066829}
  - component: {fileID: 922066828}
  - component: {fileID: 922066827}
  - component: {fileID: 922066826}
  m_Layer: 0
  m_Name: Cube (8)
  m_TagString: Untagged
  m_Icon: {fileID: 0}
  m_NavMeshLayer: 0
  m_StaticEditorFlags: 8
  m_IsActive: 1
--- !u!23 &922066826
MeshRenderer:
  m_ObjectHideFlags: 0
  m_PrefabParentObject: {fileID: 0}
  m_PrefabInternal: {fileID: 0}
  m_GameObject: {fileID: 922066825}
  m_Enabled: 1
  m_CastShadows: 1
  m_ReceiveShadows: 1
  m_DynamicOccludee: 1
  m_MotionVectors: 1
  m_LightProbeUsage: 1
  m_ReflectionProbeUsage: 1
  m_Materials:
  - {fileID: 10303, guid: 0000000000000000f000000000000000, type: 0}
  m_StaticBatchInfo:
    firstSubMesh: 0
    subMeshCount: 0
  m_StaticBatchRoot: {fileID: 0}
  m_ProbeAnchor: {fileID: 0}
  m_LightProbeVolumeOverride: {fileID: 0}
  m_ScaleInLightmap: 1
  m_PreserveUVs: 1
  m_IgnoreNormalsForChartDetection: 0
  m_ImportantGI: 0
  m_StitchLightmapSeams: 0
  m_SelectedEditorRenderState: 3
  m_MinimumChartSize: 4
  m_AutoUVMaxDistance: 0.5
  m_AutoUVMaxAngle: 89
  m_LightmapParameters: {fileID: 0}
  m_SortingLayerID: 0
  m_SortingLayer: 0
  m_SortingOrder: 0
--- !u!65 &922066827
BoxCollider:
  m_ObjectHideFlags: 0
  m_PrefabParentObject: {fileID: 0}
  m_PrefabInternal: {fileID: 0}
  m_GameObject: {fileID: 922066825}
  m_Material: {fileID: 0}
  m_IsTrigger: 0
  m_Enabled: 1
  serializedVersion: 2
  m_Size: {x: 1, y: 1, z: 1}
  m_Center: {x: 0, y: 0, z: 0}
--- !u!33 &922066828
MeshFilter:
  m_ObjectHideFlags: 0
  m_PrefabParentObject: {fileID: 0}
  m_PrefabInternal: {fileID: 0}
  m_GameObject: {fileID: 922066825}
  m_Mesh: {fileID: 10202, guid: 0000000000000000e000000000000000, type: 0}
--- !u!4 &922066829
Transform:
  m_ObjectHideFlags: 0
  m_PrefabParentObject: {fileID: 0}
  m_PrefabInternal: {fileID: 0}
  m_GameObject: {fileID: 922066825}
  m_LocalRotation: {x: -0, y: -0.60952777, z: -0, w: -0.7927648}
  m_LocalPosition: {x: 23.305, y: 0.96451, z: -6.1189}
  m_LocalScale: {x: 3.3287508, y: 0.80864716, z: 1.4582648}
  m_Children: []
  m_Father: {fileID: 0}
  m_RootOrder: 15
  m_LocalEulerAnglesHint: {x: 0, y: -284.889, z: 0}
--- !u!1001 &924230786
Prefab:
  m_ObjectHideFlags: 0
  serializedVersion: 2
  m_Modification:
    m_TransformParent: {fileID: 1352434837}
    m_Modifications:
    - target: {fileID: 400000, guid: d30ce2a40cfe3ac449c1f1eafe3dce9b, type: 3}
      propertyPath: m_LocalPosition.x
      value: 0.48
      objectReference: {fileID: 0}
    - target: {fileID: 400000, guid: d30ce2a40cfe3ac449c1f1eafe3dce9b, type: 3}
      propertyPath: m_LocalPosition.y
      value: 1.8929749
      objectReference: {fileID: 0}
    - target: {fileID: 400000, guid: d30ce2a40cfe3ac449c1f1eafe3dce9b, type: 3}
      propertyPath: m_LocalPosition.z
      value: 13.27
      objectReference: {fileID: 0}
    - target: {fileID: 400000, guid: d30ce2a40cfe3ac449c1f1eafe3dce9b, type: 3}
      propertyPath: m_LocalRotation.x
      value: -0
      objectReference: {fileID: 0}
    - target: {fileID: 400000, guid: d30ce2a40cfe3ac449c1f1eafe3dce9b, type: 3}
      propertyPath: m_LocalRotation.y
      value: -0
      objectReference: {fileID: 0}
    - target: {fileID: 400000, guid: d30ce2a40cfe3ac449c1f1eafe3dce9b, type: 3}
      propertyPath: m_LocalRotation.z
      value: -0
      objectReference: {fileID: 0}
    - target: {fileID: 400000, guid: d30ce2a40cfe3ac449c1f1eafe3dce9b, type: 3}
      propertyPath: m_LocalRotation.w
      value: 1
      objectReference: {fileID: 0}
    - target: {fileID: 400000, guid: d30ce2a40cfe3ac449c1f1eafe3dce9b, type: 3}
      propertyPath: m_RootOrder
      value: 0
      objectReference: {fileID: 0}
    - target: {fileID: 400000, guid: d30ce2a40cfe3ac449c1f1eafe3dce9b, type: 3}
      propertyPath: m_LocalScale.x
      value: 0.11502237
      objectReference: {fileID: 0}
    - target: {fileID: 400000, guid: d30ce2a40cfe3ac449c1f1eafe3dce9b, type: 3}
      propertyPath: m_LocalScale.y
      value: 0.11502233
      objectReference: {fileID: 0}
    - target: {fileID: 400000, guid: d30ce2a40cfe3ac449c1f1eafe3dce9b, type: 3}
      propertyPath: m_LocalScale.z
      value: 0.11502233
      objectReference: {fileID: 0}
    - target: {fileID: 400004, guid: d30ce2a40cfe3ac449c1f1eafe3dce9b, type: 3}
      propertyPath: m_LocalScale.x
      value: 1.8297064
      objectReference: {fileID: 0}
    - target: {fileID: 400004, guid: d30ce2a40cfe3ac449c1f1eafe3dce9b, type: 3}
      propertyPath: m_LocalScale.y
      value: 1.8297063
      objectReference: {fileID: 0}
    - target: {fileID: 400004, guid: d30ce2a40cfe3ac449c1f1eafe3dce9b, type: 3}
      propertyPath: m_LocalScale.z
      value: 1.8297063
      objectReference: {fileID: 0}
    - target: {fileID: 400002, guid: d30ce2a40cfe3ac449c1f1eafe3dce9b, type: 3}
      propertyPath: m_LocalScale.x
      value: 1.9834633
      objectReference: {fileID: 0}
    - target: {fileID: 400002, guid: d30ce2a40cfe3ac449c1f1eafe3dce9b, type: 3}
      propertyPath: m_LocalScale.y
      value: 1.7968973
      objectReference: {fileID: 0}
    - target: {fileID: 400002, guid: d30ce2a40cfe3ac449c1f1eafe3dce9b, type: 3}
      propertyPath: m_LocalScale.z
      value: 1.9834633
      objectReference: {fileID: 0}
    - target: {fileID: 400004, guid: d30ce2a40cfe3ac449c1f1eafe3dce9b, type: 3}
      propertyPath: m_LocalPosition.x
      value: -5.2
      objectReference: {fileID: 0}
    - target: {fileID: 400004, guid: d30ce2a40cfe3ac449c1f1eafe3dce9b, type: 3}
      propertyPath: m_LocalPosition.z
      value: -1.6997223
      objectReference: {fileID: 0}
    - target: {fileID: 400002, guid: d30ce2a40cfe3ac449c1f1eafe3dce9b, type: 3}
      propertyPath: m_LocalPosition.z
      value: -4.3
      objectReference: {fileID: 0}
    - target: {fileID: 400004, guid: d30ce2a40cfe3ac449c1f1eafe3dce9b, type: 3}
      propertyPath: m_LocalPosition.y
      value: -22.4
      objectReference: {fileID: 0}
    - target: {fileID: 400002, guid: d30ce2a40cfe3ac449c1f1eafe3dce9b, type: 3}
      propertyPath: m_LocalPosition.y
      value: -20.4
      objectReference: {fileID: 0}
    - target: {fileID: 400006, guid: d30ce2a40cfe3ac449c1f1eafe3dce9b, type: 3}
      propertyPath: m_LocalPosition.x
      value: -8.9
      objectReference: {fileID: 0}
    - target: {fileID: 400006, guid: d30ce2a40cfe3ac449c1f1eafe3dce9b, type: 3}
      propertyPath: m_LocalPosition.z
      value: 1.8
      objectReference: {fileID: 0}
    - target: {fileID: 400004, guid: d30ce2a40cfe3ac449c1f1eafe3dce9b, type: 3}
      propertyPath: m_LocalRotation.x
      value: 0
      objectReference: {fileID: 0}
    - target: {fileID: 400004, guid: d30ce2a40cfe3ac449c1f1eafe3dce9b, type: 3}
      propertyPath: m_LocalRotation.y
      value: 1
      objectReference: {fileID: 0}
    - target: {fileID: 400004, guid: d30ce2a40cfe3ac449c1f1eafe3dce9b, type: 3}
      propertyPath: m_LocalRotation.w
      value: 0
      objectReference: {fileID: 0}
    - target: {fileID: 400004, guid: d30ce2a40cfe3ac449c1f1eafe3dce9b, type: 3}
      propertyPath: m_LocalEulerAnglesHint.y
      value: 180
      objectReference: {fileID: 0}
    - target: {fileID: 400002, guid: d30ce2a40cfe3ac449c1f1eafe3dce9b, type: 3}
      propertyPath: m_LocalRotation.x
      value: 0
      objectReference: {fileID: 0}
    - target: {fileID: 400002, guid: d30ce2a40cfe3ac449c1f1eafe3dce9b, type: 3}
      propertyPath: m_LocalRotation.y
      value: 1
      objectReference: {fileID: 0}
    - target: {fileID: 400002, guid: d30ce2a40cfe3ac449c1f1eafe3dce9b, type: 3}
      propertyPath: m_LocalRotation.w
      value: 0
      objectReference: {fileID: 0}
    - target: {fileID: 400002, guid: d30ce2a40cfe3ac449c1f1eafe3dce9b, type: 3}
      propertyPath: m_LocalEulerAnglesHint.y
      value: 180
      objectReference: {fileID: 0}
    - target: {fileID: 400004, guid: d30ce2a40cfe3ac449c1f1eafe3dce9b, type: 3}
      propertyPath: m_LocalRotation.z
      value: 0
      objectReference: {fileID: 0}
    - target: {fileID: 400002, guid: d30ce2a40cfe3ac449c1f1eafe3dce9b, type: 3}
      propertyPath: m_LocalRotation.z
      value: 0
      objectReference: {fileID: 0}
    - target: {fileID: 400002, guid: d30ce2a40cfe3ac449c1f1eafe3dce9b, type: 3}
      propertyPath: m_LocalPosition.x
      value: -3.5
      objectReference: {fileID: 0}
    - target: {fileID: 400006, guid: d30ce2a40cfe3ac449c1f1eafe3dce9b, type: 3}
      propertyPath: m_LocalRotation.x
      value: -0
      objectReference: {fileID: 0}
    - target: {fileID: 400006, guid: d30ce2a40cfe3ac449c1f1eafe3dce9b, type: 3}
      propertyPath: m_LocalRotation.y
      value: 0.9999581
      objectReference: {fileID: 0}
    - target: {fileID: 400006, guid: d30ce2a40cfe3ac449c1f1eafe3dce9b, type: 3}
      propertyPath: m_LocalRotation.w
      value: -0.009159225
      objectReference: {fileID: 0}
    - target: {fileID: 400006, guid: d30ce2a40cfe3ac449c1f1eafe3dce9b, type: 3}
      propertyPath: m_LocalEulerAnglesHint.y
      value: 181.04999
      objectReference: {fileID: 0}
    - target: {fileID: 400006, guid: d30ce2a40cfe3ac449c1f1eafe3dce9b, type: 3}
      propertyPath: m_LocalRotation.z
      value: -0
      objectReference: {fileID: 0}
    - target: {fileID: 400006, guid: d30ce2a40cfe3ac449c1f1eafe3dce9b, type: 3}
      propertyPath: m_LocalScale.x
      value: 1.7318034
      objectReference: {fileID: 0}
    - target: {fileID: 400006, guid: d30ce2a40cfe3ac449c1f1eafe3dce9b, type: 3}
      propertyPath: m_LocalScale.y
      value: 1.7318037
      objectReference: {fileID: 0}
    - target: {fileID: 400006, guid: d30ce2a40cfe3ac449c1f1eafe3dce9b, type: 3}
      propertyPath: m_LocalScale.z
      value: 1.7318037
      objectReference: {fileID: 0}
    - target: {fileID: 400006, guid: d30ce2a40cfe3ac449c1f1eafe3dce9b, type: 3}
      propertyPath: m_LocalPosition.y
      value: -26.1
      objectReference: {fileID: 0}
    m_RemovedComponents: []
  m_ParentPrefab: {fileID: 100100000, guid: d30ce2a40cfe3ac449c1f1eafe3dce9b, type: 3}
  m_IsPrefabParent: 0
--- !u!1 &947661642
GameObject:
  m_ObjectHideFlags: 0
  m_PrefabParentObject: {fileID: 0}
  m_PrefabInternal: {fileID: 0}
  serializedVersion: 5
  m_Component:
  - component: {fileID: 947661644}
  - component: {fileID: 947661643}
  m_Layer: 0
  m_Name: Point light (2)
  m_TagString: Untagged
  m_Icon: {fileID: 0}
  m_NavMeshLayer: 0
  m_StaticEditorFlags: 0
  m_IsActive: 1
--- !u!108 &947661643
Light:
  m_ObjectHideFlags: 0
  m_PrefabParentObject: {fileID: 0}
  m_PrefabInternal: {fileID: 0}
  m_GameObject: {fileID: 947661642}
  m_Enabled: 1
  serializedVersion: 8
  m_Type: 2
  m_Color: {r: 1, g: 0.76551723, b: 0, a: 1}
  m_Intensity: 1
  m_Range: 20
  m_SpotAngle: 30
  m_CookieSize: 10
  m_Shadows:
    m_Type: 0
    m_Resolution: -1
    m_CustomResolution: -1
    m_Strength: 1
    m_Bias: 0.05
    m_NormalBias: 0.4
    m_NearPlane: 0.2
  m_Cookie: {fileID: 0}
  m_DrawHalo: 0
  m_Flare: {fileID: 0}
  m_RenderMode: 0
  m_CullingMask:
    serializedVersion: 2
    m_Bits: 4294967295
  m_Lightmapping: 4
  m_AreaSize: {x: 1, y: 1}
  m_BounceIntensity: 1
  m_ColorTemperature: 6570
  m_UseColorTemperature: 0
  m_ShadowRadius: 0
  m_ShadowAngle: 0
--- !u!4 &947661644
Transform:
  m_ObjectHideFlags: 0
  m_PrefabParentObject: {fileID: 0}
  m_PrefabInternal: {fileID: 0}
  m_GameObject: {fileID: 947661642}
  m_LocalRotation: {x: 0, y: 0, z: 0, w: 1}
  m_LocalPosition: {x: 7.6077, y: -1.9232, z: -15.345}
  m_LocalScale: {x: 1.9991319, y: 1.9991322, z: 1.9991322}
  m_Children: []
  m_Father: {fileID: 0}
  m_RootOrder: 6
  m_LocalEulerAnglesHint: {x: 0, y: 0, z: 0}
--- !u!1 &1057939776
GameObject:
  m_ObjectHideFlags: 0
  m_PrefabParentObject: {fileID: 100026, guid: cd7b95cedd5ec0f4e92740ff3fc32d95, type: 3}
  m_PrefabInternal: {fileID: 0}
  serializedVersion: 5
  m_Component:
  - component: {fileID: 1057939777}
  - component: {fileID: 1057939779}
  - component: {fileID: 1057939778}
  m_Layer: 0
  m_Name: floor_3
  m_TagString: Untagged
  m_Icon: {fileID: 0}
  m_NavMeshLayer: 0
  m_StaticEditorFlags: 8
  m_IsActive: 1
--- !u!4 &1057939777
Transform:
  m_ObjectHideFlags: 0
  m_PrefabParentObject: {fileID: 400026, guid: cd7b95cedd5ec0f4e92740ff3fc32d95, type: 3}
  m_PrefabInternal: {fileID: 0}
  m_GameObject: {fileID: 1057939776}
  m_LocalRotation: {x: 0, y: -0, z: -0, w: 1}
  m_LocalPosition: {x: -0, y: 0, z: 0}
  m_LocalScale: {x: 1, y: 1, z: 1}
  m_Children: []
  m_Father: {fileID: 329737972}
  m_RootOrder: 3
  m_LocalEulerAnglesHint: {x: 0, y: 0, z: 0}
--- !u!23 &1057939778
MeshRenderer:
  m_ObjectHideFlags: 0
  m_PrefabParentObject: {fileID: 2300024, guid: cd7b95cedd5ec0f4e92740ff3fc32d95,
    type: 3}
  m_PrefabInternal: {fileID: 0}
  m_GameObject: {fileID: 1057939776}
  m_Enabled: 1
  m_CastShadows: 1
  m_ReceiveShadows: 1
  m_DynamicOccludee: 1
  m_MotionVectors: 1
  m_LightProbeUsage: 1
  m_ReflectionProbeUsage: 1
  m_Materials:
  - {fileID: 2100024, guid: cd7b95cedd5ec0f4e92740ff3fc32d95, type: 3}
  m_StaticBatchInfo:
    firstSubMesh: 0
    subMeshCount: 0
  m_StaticBatchRoot: {fileID: 0}
  m_ProbeAnchor: {fileID: 0}
  m_LightProbeVolumeOverride: {fileID: 0}
  m_ScaleInLightmap: 1
  m_PreserveUVs: 0
  m_IgnoreNormalsForChartDetection: 0
  m_ImportantGI: 0
  m_StitchLightmapSeams: 0
  m_SelectedEditorRenderState: 3
  m_MinimumChartSize: 4
  m_AutoUVMaxDistance: 0.5
  m_AutoUVMaxAngle: 89
  m_LightmapParameters: {fileID: 0}
  m_SortingLayerID: 0
  m_SortingLayer: 0
  m_SortingOrder: 0
--- !u!33 &1057939779
MeshFilter:
  m_ObjectHideFlags: 0
  m_PrefabParentObject: {fileID: 3300024, guid: cd7b95cedd5ec0f4e92740ff3fc32d95,
    type: 3}
  m_PrefabInternal: {fileID: 0}
  m_GameObject: {fileID: 1057939776}
  m_Mesh: {fileID: 4300024, guid: cd7b95cedd5ec0f4e92740ff3fc32d95, type: 3}
--- !u!1 &1140148883
GameObject:
  m_ObjectHideFlags: 0
  m_PrefabParentObject: {fileID: 100000, guid: cd7b95cedd5ec0f4e92740ff3fc32d95, type: 3}
  m_PrefabInternal: {fileID: 0}
  serializedVersion: 5
  m_Component:
  - component: {fileID: 1140148884}
  - component: {fileID: 1140148886}
  - component: {fileID: 1140148885}
  - component: {fileID: 1140148887}
  m_Layer: 0
  m_Name: floor_1
  m_TagString: Untagged
  m_Icon: {fileID: 0}
  m_NavMeshLayer: 0
  m_StaticEditorFlags: 8
  m_IsActive: 1
--- !u!4 &1140148884
Transform:
  m_ObjectHideFlags: 0
  m_PrefabParentObject: {fileID: 400000, guid: cd7b95cedd5ec0f4e92740ff3fc32d95, type: 3}
  m_PrefabInternal: {fileID: 0}
  m_GameObject: {fileID: 1140148883}
  m_LocalRotation: {x: 0, y: -0, z: -0, w: 1}
  m_LocalPosition: {x: -0, y: 0, z: 0}
  m_LocalScale: {x: 1, y: 1, z: 1}
  m_Children: []
  m_Father: {fileID: 329737972}
  m_RootOrder: 1
  m_LocalEulerAnglesHint: {x: 0, y: 0, z: 0}
--- !u!23 &1140148885
MeshRenderer:
  m_ObjectHideFlags: 0
  m_PrefabParentObject: {fileID: 2300000, guid: cd7b95cedd5ec0f4e92740ff3fc32d95,
    type: 3}
  m_PrefabInternal: {fileID: 0}
  m_GameObject: {fileID: 1140148883}
  m_Enabled: 1
  m_CastShadows: 1
  m_ReceiveShadows: 1
  m_DynamicOccludee: 1
  m_MotionVectors: 1
  m_LightProbeUsage: 1
  m_ReflectionProbeUsage: 1
  m_Materials:
  - {fileID: 2100000, guid: cd7b95cedd5ec0f4e92740ff3fc32d95, type: 3}
  m_StaticBatchInfo:
    firstSubMesh: 0
    subMeshCount: 0
  m_StaticBatchRoot: {fileID: 0}
  m_ProbeAnchor: {fileID: 0}
  m_LightProbeVolumeOverride: {fileID: 0}
  m_ScaleInLightmap: 1
  m_PreserveUVs: 0
  m_IgnoreNormalsForChartDetection: 0
  m_ImportantGI: 0
  m_StitchLightmapSeams: 0
  m_SelectedEditorRenderState: 3
  m_MinimumChartSize: 4
  m_AutoUVMaxDistance: 0.5
  m_AutoUVMaxAngle: 89
  m_LightmapParameters: {fileID: 0}
  m_SortingLayerID: 0
  m_SortingLayer: 0
  m_SortingOrder: 0
--- !u!33 &1140148886
MeshFilter:
  m_ObjectHideFlags: 0
  m_PrefabParentObject: {fileID: 3300000, guid: cd7b95cedd5ec0f4e92740ff3fc32d95,
    type: 3}
  m_PrefabInternal: {fileID: 0}
  m_GameObject: {fileID: 1140148883}
  m_Mesh: {fileID: 4300000, guid: cd7b95cedd5ec0f4e92740ff3fc32d95, type: 3}
--- !u!64 &1140148887
MeshCollider:
  m_ObjectHideFlags: 0
  m_PrefabParentObject: {fileID: 0}
  m_PrefabInternal: {fileID: 0}
  m_GameObject: {fileID: 1140148883}
  m_Material: {fileID: 0}
  m_IsTrigger: 0
  m_Enabled: 1
  serializedVersion: 3
  m_Convex: 1
  m_CookingOptions: 14
  m_SkinWidth: 0.01
  m_Mesh: {fileID: 4300000, guid: cd7b95cedd5ec0f4e92740ff3fc32d95, type: 3}
--- !u!1 &1151789952
GameObject:
  m_ObjectHideFlags: 0
  m_PrefabParentObject: {fileID: 100008, guid: cd7b95cedd5ec0f4e92740ff3fc32d95, type: 3}
  m_PrefabInternal: {fileID: 0}
  serializedVersion: 5
  m_Component:
  - component: {fileID: 1151789953}
  - component: {fileID: 1151789955}
  - component: {fileID: 1151789954}
  - component: {fileID: 1151789956}
  m_Layer: 0
  m_Name: floor
  m_TagString: Untagged
  m_Icon: {fileID: 0}
  m_NavMeshLayer: 0
  m_StaticEditorFlags: 8
  m_IsActive: 1
--- !u!4 &1151789953
Transform:
  m_ObjectHideFlags: 0
  m_PrefabParentObject: {fileID: 400008, guid: cd7b95cedd5ec0f4e92740ff3fc32d95, type: 3}
  m_PrefabInternal: {fileID: 0}
  m_GameObject: {fileID: 1151789952}
  m_LocalRotation: {x: 0, y: -0, z: -0, w: 1}
  m_LocalPosition: {x: -0, y: 0, z: 0.35}
  m_LocalScale: {x: 1, y: 1, z: 1}
  m_Children: []
  m_Father: {fileID: 329737972}
  m_RootOrder: 0
  m_LocalEulerAnglesHint: {x: 0, y: 0, z: 0}
--- !u!23 &1151789954
MeshRenderer:
  m_ObjectHideFlags: 0
  m_PrefabParentObject: {fileID: 2300006, guid: cd7b95cedd5ec0f4e92740ff3fc32d95,
    type: 3}
  m_PrefabInternal: {fileID: 0}
  m_GameObject: {fileID: 1151789952}
  m_Enabled: 1
  m_CastShadows: 1
  m_ReceiveShadows: 1
  m_DynamicOccludee: 1
  m_MotionVectors: 1
  m_LightProbeUsage: 1
  m_ReflectionProbeUsage: 1
  m_Materials:
  - {fileID: 2100006, guid: cd7b95cedd5ec0f4e92740ff3fc32d95, type: 3}
  m_StaticBatchInfo:
    firstSubMesh: 0
    subMeshCount: 0
  m_StaticBatchRoot: {fileID: 0}
  m_ProbeAnchor: {fileID: 0}
  m_LightProbeVolumeOverride: {fileID: 0}
  m_ScaleInLightmap: 1
  m_PreserveUVs: 0
  m_IgnoreNormalsForChartDetection: 0
  m_ImportantGI: 0
  m_StitchLightmapSeams: 0
  m_SelectedEditorRenderState: 3
  m_MinimumChartSize: 4
  m_AutoUVMaxDistance: 0.5
  m_AutoUVMaxAngle: 89
  m_LightmapParameters: {fileID: 0}
  m_SortingLayerID: 0
  m_SortingLayer: 0
  m_SortingOrder: 0
--- !u!33 &1151789955
MeshFilter:
  m_ObjectHideFlags: 0
  m_PrefabParentObject: {fileID: 3300006, guid: cd7b95cedd5ec0f4e92740ff3fc32d95,
    type: 3}
  m_PrefabInternal: {fileID: 0}
  m_GameObject: {fileID: 1151789952}
  m_Mesh: {fileID: 4300006, guid: cd7b95cedd5ec0f4e92740ff3fc32d95, type: 3}
--- !u!64 &1151789956
MeshCollider:
  m_ObjectHideFlags: 0
  m_PrefabParentObject: {fileID: 0}
  m_PrefabInternal: {fileID: 0}
  m_GameObject: {fileID: 1151789952}
  m_Material: {fileID: 0}
  m_IsTrigger: 0
  m_Enabled: 1
  serializedVersion: 3
  m_Convex: 1
  m_CookingOptions: 14
  m_SkinWidth: 0.01
  m_Mesh: {fileID: 4300006, guid: cd7b95cedd5ec0f4e92740ff3fc32d95, type: 3}
--- !u!1 &1199516332
GameObject:
  m_ObjectHideFlags: 0
  m_PrefabParentObject: {fileID: 0}
  m_PrefabInternal: {fileID: 0}
  serializedVersion: 5
  m_Component:
  - component: {fileID: 1199516334}
  - component: {fileID: 1199516333}
  m_Layer: 0
  m_Name: Point light (1)
  m_TagString: Untagged
  m_Icon: {fileID: 0}
  m_NavMeshLayer: 0
  m_StaticEditorFlags: 0
  m_IsActive: 1
--- !u!108 &1199516333
Light:
  m_ObjectHideFlags: 0
  m_PrefabParentObject: {fileID: 0}
  m_PrefabInternal: {fileID: 0}
  m_GameObject: {fileID: 1199516332}
  m_Enabled: 1
  serializedVersion: 8
  m_Type: 2
  m_Color: {r: 0.6775861, g: 0, b: 0.75, a: 1}
  m_Intensity: 1
  m_Range: 20
  m_SpotAngle: 30
  m_CookieSize: 10
  m_Shadows:
    m_Type: 0
    m_Resolution: -1
    m_CustomResolution: -1
    m_Strength: 1
    m_Bias: 0.05
    m_NormalBias: 0.4
    m_NearPlane: 0.2
  m_Cookie: {fileID: 0}
  m_DrawHalo: 0
  m_Flare: {fileID: 0}
  m_RenderMode: 0
  m_CullingMask:
    serializedVersion: 2
    m_Bits: 4294967295
  m_Lightmapping: 4
  m_AreaSize: {x: 1, y: 1}
  m_BounceIntensity: 1
  m_ColorTemperature: 6570
  m_UseColorTemperature: 0
  m_ShadowRadius: 0
  m_ShadowAngle: 0
--- !u!4 &1199516334
Transform:
  m_ObjectHideFlags: 0
  m_PrefabParentObject: {fileID: 0}
  m_PrefabInternal: {fileID: 0}
  m_GameObject: {fileID: 1199516332}
  m_LocalRotation: {x: 0, y: 0, z: 0, w: 1}
  m_LocalPosition: {x: 14.166, y: -2.7228, z: 10.005}
  m_LocalScale: {x: 1.9991319, y: 1.9991322, z: 1.9991322}
  m_Children: []
  m_Father: {fileID: 0}
  m_RootOrder: 5
  m_LocalEulerAnglesHint: {x: 0, y: 0, z: 0}
--- !u!1001 &1228763980
Prefab:
  m_ObjectHideFlags: 0
  serializedVersion: 2
  m_Modification:
    m_TransformParent: {fileID: 1352434837}
    m_Modifications:
    - target: {fileID: 400000, guid: 83425eb8d91e9794889557fa08484dc2, type: 3}
      propertyPath: m_LocalPosition.x
      value: -5.76
      objectReference: {fileID: 0}
    - target: {fileID: 400000, guid: 83425eb8d91e9794889557fa08484dc2, type: 3}
      propertyPath: m_LocalPosition.y
      value: -1.1817322
      objectReference: {fileID: 0}
    - target: {fileID: 400000, guid: 83425eb8d91e9794889557fa08484dc2, type: 3}
      propertyPath: m_LocalPosition.z
      value: -0.79
      objectReference: {fileID: 0}
    - target: {fileID: 400000, guid: 83425eb8d91e9794889557fa08484dc2, type: 3}
      propertyPath: m_LocalRotation.x
      value: -0
      objectReference: {fileID: 0}
    - target: {fileID: 400000, guid: 83425eb8d91e9794889557fa08484dc2, type: 3}
      propertyPath: m_LocalRotation.y
      value: -0.7047238
      objectReference: {fileID: 0}
    - target: {fileID: 400000, guid: 83425eb8d91e9794889557fa08484dc2, type: 3}
      propertyPath: m_LocalRotation.z
      value: -0
      objectReference: {fileID: 0}
    - target: {fileID: 400000, guid: 83425eb8d91e9794889557fa08484dc2, type: 3}
      propertyPath: m_LocalRotation.w
      value: -0.70948184
      objectReference: {fileID: 0}
    - target: {fileID: 400000, guid: 83425eb8d91e9794889557fa08484dc2, type: 3}
      propertyPath: m_RootOrder
      value: 3
      objectReference: {fileID: 0}
    - target: {fileID: 400000, guid: 83425eb8d91e9794889557fa08484dc2, type: 3}
      propertyPath: m_LocalScale.x
      value: 0.27915245
      objectReference: {fileID: 0}
    - target: {fileID: 400000, guid: 83425eb8d91e9794889557fa08484dc2, type: 3}
      propertyPath: m_LocalScale.y
      value: 0.2791524
      objectReference: {fileID: 0}
    - target: {fileID: 400000, guid: 83425eb8d91e9794889557fa08484dc2, type: 3}
      propertyPath: m_LocalScale.z
      value: 0.27915275
      objectReference: {fileID: 0}
    - target: {fileID: 400000, guid: 83425eb8d91e9794889557fa08484dc2, type: 3}
      propertyPath: m_LocalEulerAnglesHint.y
      value: -270.386
      objectReference: {fileID: 0}
    m_RemovedComponents: []
  m_ParentPrefab: {fileID: 100100000, guid: 83425eb8d91e9794889557fa08484dc2, type: 3}
  m_IsPrefabParent: 0
--- !u!1 &1242806372
GameObject:
  m_ObjectHideFlags: 0
  m_PrefabParentObject: {fileID: 0}
  m_PrefabInternal: {fileID: 0}
  serializedVersion: 5
  m_Component:
  - component: {fileID: 1242806374}
  - component: {fileID: 1242806373}
  m_Layer: 0
  m_Name: Point light
  m_TagString: Untagged
  m_Icon: {fileID: 0}
  m_NavMeshLayer: 0
  m_StaticEditorFlags: 0
  m_IsActive: 1
--- !u!108 &1242806373
Light:
  m_ObjectHideFlags: 0
  m_PrefabParentObject: {fileID: 0}
  m_PrefabInternal: {fileID: 0}
  m_GameObject: {fileID: 1242806372}
  m_Enabled: 1
  serializedVersion: 8
  m_Type: 2
  m_Color: {r: 1, g: 0.76551723, b: 0, a: 1}
  m_Intensity: 1
  m_Range: 20
  m_SpotAngle: 30
  m_CookieSize: 10
  m_Shadows:
    m_Type: 0
    m_Resolution: -1
    m_CustomResolution: -1
    m_Strength: 1
    m_Bias: 0.05
    m_NormalBias: 0.4
    m_NearPlane: 0.2
  m_Cookie: {fileID: 0}
  m_DrawHalo: 0
  m_Flare: {fileID: 0}
  m_RenderMode: 0
  m_CullingMask:
    serializedVersion: 2
    m_Bits: 4294967295
  m_Lightmapping: 4
  m_AreaSize: {x: 1, y: 1}
  m_BounceIntensity: 1
  m_ColorTemperature: 6570
  m_UseColorTemperature: 0
  m_ShadowRadius: 0
  m_ShadowAngle: 0
--- !u!4 &1242806374
Transform:
  m_ObjectHideFlags: 0
  m_PrefabParentObject: {fileID: 0}
  m_PrefabInternal: {fileID: 0}
  m_GameObject: {fileID: 1242806372}
  m_LocalRotation: {x: 0, y: 0, z: 0, w: 1}
  m_LocalPosition: {x: 10.926, y: 0.17589, z: 0.92852}
  m_LocalScale: {x: 1.9991319, y: 1.9991322, z: 1.9991322}
  m_Children: []
  m_Father: {fileID: 0}
  m_RootOrder: 4
  m_LocalEulerAnglesHint: {x: 0, y: 0, z: 0}
--- !u!4 &1319483135 stripped
Transform:
  m_PrefabParentObject: {fileID: 400008, guid: 89a087bf76c447347a722622dd8d5271, type: 3}
  m_PrefabInternal: {fileID: 1884656455}
--- !u!1001 &1340351895
Prefab:
  m_ObjectHideFlags: 0
  serializedVersion: 2
  m_Modification:
    m_TransformParent: {fileID: 1352434837}
    m_Modifications:
    - target: {fileID: 400004, guid: 64f92bd5c50a1264cb8d3883e5ff5a46, type: 3}
      propertyPath: m_LocalPosition.x
      value: -3.908
      objectReference: {fileID: 0}
    - target: {fileID: 400004, guid: 64f92bd5c50a1264cb8d3883e5ff5a46, type: 3}
      propertyPath: m_LocalPosition.y
      value: -0.9817352
      objectReference: {fileID: 0}
    - target: {fileID: 400004, guid: 64f92bd5c50a1264cb8d3883e5ff5a46, type: 3}
      propertyPath: m_LocalPosition.z
      value: 4.766
      objectReference: {fileID: 0}
    - target: {fileID: 400004, guid: 64f92bd5c50a1264cb8d3883e5ff5a46, type: 3}
      propertyPath: m_LocalRotation.x
      value: -0
      objectReference: {fileID: 0}
    - target: {fileID: 400004, guid: 64f92bd5c50a1264cb8d3883e5ff5a46, type: 3}
      propertyPath: m_LocalRotation.y
      value: -0
      objectReference: {fileID: 0}
    - target: {fileID: 400004, guid: 64f92bd5c50a1264cb8d3883e5ff5a46, type: 3}
      propertyPath: m_LocalRotation.z
      value: -0
      objectReference: {fileID: 0}
    - target: {fileID: 400004, guid: 64f92bd5c50a1264cb8d3883e5ff5a46, type: 3}
      propertyPath: m_LocalRotation.w
      value: 1
      objectReference: {fileID: 0}
    - target: {fileID: 400004, guid: 64f92bd5c50a1264cb8d3883e5ff5a46, type: 3}
      propertyPath: m_RootOrder
      value: 2
      objectReference: {fileID: 0}
    - target: {fileID: 400004, guid: 64f92bd5c50a1264cb8d3883e5ff5a46, type: 3}
      propertyPath: m_LocalScale.x
      value: 0.18718593
      objectReference: {fileID: 0}
    - target: {fileID: 400004, guid: 64f92bd5c50a1264cb8d3883e5ff5a46, type: 3}
      propertyPath: m_LocalScale.y
      value: 0.18718587
      objectReference: {fileID: 0}
    - target: {fileID: 400004, guid: 64f92bd5c50a1264cb8d3883e5ff5a46, type: 3}
      propertyPath: m_LocalScale.z
      value: 0.18718587
      objectReference: {fileID: 0}
    m_RemovedComponents: []
  m_ParentPrefab: {fileID: 100100000, guid: 64f92bd5c50a1264cb8d3883e5ff5a46, type: 3}
  m_IsPrefabParent: 0
--- !u!1 &1352434836
GameObject:
  m_ObjectHideFlags: 0
  m_PrefabParentObject: {fileID: 0}
  m_PrefabInternal: {fileID: 0}
  serializedVersion: 5
  m_Component:
  - component: {fileID: 1352434837}
  m_Layer: 0
  m_Name: mobili
  m_TagString: Untagged
  m_Icon: {fileID: 0}
  m_NavMeshLayer: 0
  m_StaticEditorFlags: 0
  m_IsActive: 1
--- !u!4 &1352434837
Transform:
  m_ObjectHideFlags: 0
  m_PrefabParentObject: {fileID: 0}
  m_PrefabInternal: {fileID: 0}
  m_GameObject: {fileID: 1352434836}
  m_LocalRotation: {x: 0, y: 0, z: 0, w: 1}
  m_LocalPosition: {x: 10.14, y: -4.7586, z: -12.128}
  m_LocalScale: {x: 1.9991319, y: 1.9991322, z: 1.9991322}
  m_Children:
  - {fileID: 608987120}
  - {fileID: 1319483135}
  - {fileID: 739541326}
  - {fileID: 1951328196}
  - {fileID: 336733455}
  m_Father: {fileID: 0}
  m_RootOrder: 3
  m_LocalEulerAnglesHint: {x: 0, y: 0, z: 0}
--- !u!1 &1386296631
GameObject:
  m_ObjectHideFlags: 0
  m_PrefabParentObject: {fileID: 0}
  m_PrefabInternal: {fileID: 0}
  serializedVersion: 5
  m_Component:
  - component: {fileID: 1386296633}
  - component: {fileID: 1386296632}
  m_Layer: 0
  m_Name: Directional Light
  m_TagString: Untagged
  m_Icon: {fileID: 0}
  m_NavMeshLayer: 0
  m_StaticEditorFlags: 0
  m_IsActive: 1
--- !u!108 &1386296632
Light:
  m_ObjectHideFlags: 0
  m_PrefabParentObject: {fileID: 0}
  m_PrefabInternal: {fileID: 0}
  m_GameObject: {fileID: 1386296631}
  m_Enabled: 1
  serializedVersion: 8
  m_Type: 1
  m_Color: {r: 1, g: 0.95686275, b: 0.8392157, a: 1}
  m_Intensity: 1
  m_Range: 10
  m_SpotAngle: 30
  m_CookieSize: 10
  m_Shadows:
    m_Type: 2
    m_Resolution: -1
    m_CustomResolution: -1
    m_Strength: 1
    m_Bias: 0.05
    m_NormalBias: 0.4
    m_NearPlane: 0.2
  m_Cookie: {fileID: 0}
  m_DrawHalo: 0
  m_Flare: {fileID: 0}
  m_RenderMode: 0
  m_CullingMask:
    serializedVersion: 2
    m_Bits: 4294967295
  m_Lightmapping: 4
  m_AreaSize: {x: 1, y: 1}
  m_BounceIntensity: 1
  m_ColorTemperature: 6570
  m_UseColorTemperature: 0
  m_ShadowRadius: 0
  m_ShadowAngle: 0
--- !u!4 &1386296633
Transform:
  m_ObjectHideFlags: 0
  m_PrefabParentObject: {fileID: 0}
  m_PrefabInternal: {fileID: 0}
  m_GameObject: {fileID: 1386296631}
  m_LocalRotation: {x: 0.7647786, y: -0.2586016, z: -0.010612787, w: 0.5900224}
  m_LocalPosition: {x: -433.01, y: -321.94, z: -1013.4}
  m_LocalScale: {x: 1.999135, y: 1.9991322, z: 1.9991322}
  m_Children: []
  m_Father: {fileID: 0}
  m_RootOrder: 2
  m_LocalEulerAnglesHint: {x: 63.764004, y: -133.362, z: -112.616005}
--- !u!1 &1400678648
GameObject:
  m_ObjectHideFlags: 0
  m_PrefabParentObject: {fileID: 100024, guid: cd7b95cedd5ec0f4e92740ff3fc32d95, type: 3}
  m_PrefabInternal: {fileID: 0}
  serializedVersion: 5
  m_Component:
  - component: {fileID: 1400678649}
  - component: {fileID: 1400678651}
  - component: {fileID: 1400678650}
  m_Layer: 0
  m_Name: wall4
  m_TagString: Untagged
  m_Icon: {fileID: 0}
  m_NavMeshLayer: 0
  m_StaticEditorFlags: 0
  m_IsActive: 1
--- !u!4 &1400678649
Transform:
  m_ObjectHideFlags: 0
  m_PrefabParentObject: {fileID: 400024, guid: cd7b95cedd5ec0f4e92740ff3fc32d95, type: 3}
  m_PrefabInternal: {fileID: 0}
  m_GameObject: {fileID: 1400678648}
  m_LocalRotation: {x: 0, y: -0, z: -0, w: 1}
  m_LocalPosition: {x: -0, y: 0, z: 0}
  m_LocalScale: {x: 1, y: 1, z: 1}
  m_Children: []
  m_Father: {fileID: 329737972}
  m_RootOrder: 7
  m_LocalEulerAnglesHint: {x: 0, y: 0, z: 0}
--- !u!23 &1400678650
MeshRenderer:
  m_ObjectHideFlags: 0
  m_PrefabParentObject: {fileID: 2300022, guid: cd7b95cedd5ec0f4e92740ff3fc32d95,
    type: 3}
  m_PrefabInternal: {fileID: 0}
  m_GameObject: {fileID: 1400678648}
  m_Enabled: 1
  m_CastShadows: 1
  m_ReceiveShadows: 1
  m_DynamicOccludee: 1
  m_MotionVectors: 1
  m_LightProbeUsage: 1
  m_ReflectionProbeUsage: 1
  m_Materials:
  - {fileID: 2100022, guid: cd7b95cedd5ec0f4e92740ff3fc32d95, type: 3}
  m_StaticBatchInfo:
    firstSubMesh: 0
    subMeshCount: 0
  m_StaticBatchRoot: {fileID: 0}
  m_ProbeAnchor: {fileID: 0}
  m_LightProbeVolumeOverride: {fileID: 0}
  m_ScaleInLightmap: 1
  m_PreserveUVs: 0
  m_IgnoreNormalsForChartDetection: 0
  m_ImportantGI: 0
  m_StitchLightmapSeams: 0
  m_SelectedEditorRenderState: 3
  m_MinimumChartSize: 4
  m_AutoUVMaxDistance: 0.5
  m_AutoUVMaxAngle: 89
  m_LightmapParameters: {fileID: 0}
  m_SortingLayerID: 0
  m_SortingLayer: 0
  m_SortingOrder: 0
--- !u!33 &1400678651
MeshFilter:
  m_ObjectHideFlags: 0
  m_PrefabParentObject: {fileID: 3300022, guid: cd7b95cedd5ec0f4e92740ff3fc32d95,
    type: 3}
  m_PrefabInternal: {fileID: 0}
  m_GameObject: {fileID: 1400678648}
  m_Mesh: {fileID: 4300022, guid: cd7b95cedd5ec0f4e92740ff3fc32d95, type: 3}
--- !u!1 &1507463075
GameObject:
  m_ObjectHideFlags: 0
  m_PrefabParentObject: {fileID: 0}
  m_PrefabInternal: {fileID: 0}
  serializedVersion: 5
  m_Component:
  - component: {fileID: 1507463079}
  - component: {fileID: 1507463078}
  - component: {fileID: 1507463077}
  - component: {fileID: 1507463076}
  m_Layer: 0
  m_Name: Cube (2)
  m_TagString: Untagged
  m_Icon: {fileID: 0}
  m_NavMeshLayer: 0
  m_StaticEditorFlags: 8
  m_IsActive: 1
--- !u!23 &1507463076
MeshRenderer:
  m_ObjectHideFlags: 0
  m_PrefabParentObject: {fileID: 0}
  m_PrefabInternal: {fileID: 0}
  m_GameObject: {fileID: 1507463075}
  m_Enabled: 1
  m_CastShadows: 1
  m_ReceiveShadows: 1
  m_DynamicOccludee: 1
  m_MotionVectors: 1
  m_LightProbeUsage: 1
  m_ReflectionProbeUsage: 1
  m_Materials:
  - {fileID: 10303, guid: 0000000000000000f000000000000000, type: 0}
  m_StaticBatchInfo:
    firstSubMesh: 0
    subMeshCount: 0
  m_StaticBatchRoot: {fileID: 0}
  m_ProbeAnchor: {fileID: 0}
  m_LightProbeVolumeOverride: {fileID: 0}
  m_ScaleInLightmap: 1
  m_PreserveUVs: 1
  m_IgnoreNormalsForChartDetection: 0
  m_ImportantGI: 0
  m_StitchLightmapSeams: 0
  m_SelectedEditorRenderState: 3
  m_MinimumChartSize: 4
  m_AutoUVMaxDistance: 0.5
  m_AutoUVMaxAngle: 89
  m_LightmapParameters: {fileID: 0}
  m_SortingLayerID: 0
  m_SortingLayer: 0
  m_SortingOrder: 0
--- !u!65 &1507463077
BoxCollider:
  m_ObjectHideFlags: 0
  m_PrefabParentObject: {fileID: 0}
  m_PrefabInternal: {fileID: 0}
  m_GameObject: {fileID: 1507463075}
  m_Material: {fileID: 0}
  m_IsTrigger: 0
  m_Enabled: 1
  serializedVersion: 2
  m_Size: {x: 1, y: 1, z: 1}
  m_Center: {x: 0, y: 0, z: 0}
--- !u!33 &1507463078
MeshFilter:
  m_ObjectHideFlags: 0
  m_PrefabParentObject: {fileID: 0}
  m_PrefabInternal: {fileID: 0}
  m_GameObject: {fileID: 1507463075}
  m_Mesh: {fileID: 10202, guid: 0000000000000000e000000000000000, type: 0}
--- !u!4 &1507463079
Transform:
  m_ObjectHideFlags: 0
  m_PrefabParentObject: {fileID: 0}
  m_PrefabInternal: {fileID: 0}
  m_GameObject: {fileID: 1507463075}
  m_LocalRotation: {x: -0, y: -0.48136607, z: -0, w: 0.8765197}
  m_LocalPosition: {x: 23.472, y: -4.3731, z: -2.1567}
  m_LocalScale: {x: 3.3287508, y: 0.80864716, z: 1.4582648}
  m_Children: []
  m_Father: {fileID: 0}
  m_RootOrder: 9
  m_LocalEulerAnglesHint: {x: 0, y: -57.549004, z: 0}
--- !u!1 &1572985219
GameObject:
  m_ObjectHideFlags: 0
  m_PrefabParentObject: {fileID: 0}
  m_PrefabInternal: {fileID: 0}
  serializedVersion: 5
  m_Component:
  - component: {fileID: 1572985223}
  - component: {fileID: 1572985222}
  - component: {fileID: 1572985221}
  - component: {fileID: 1572985220}
  m_Layer: 0
  m_Name: Cube
  m_TagString: Untagged
  m_Icon: {fileID: 0}
  m_NavMeshLayer: 0
  m_StaticEditorFlags: 8
  m_IsActive: 1
--- !u!23 &1572985220
MeshRenderer:
  m_ObjectHideFlags: 0
  m_PrefabParentObject: {fileID: 0}
  m_PrefabInternal: {fileID: 0}
  m_GameObject: {fileID: 1572985219}
  m_Enabled: 1
  m_CastShadows: 1
  m_ReceiveShadows: 1
  m_DynamicOccludee: 1
  m_MotionVectors: 1
  m_LightProbeUsage: 1
  m_ReflectionProbeUsage: 1
  m_Materials:
  - {fileID: 10303, guid: 0000000000000000f000000000000000, type: 0}
  m_StaticBatchInfo:
    firstSubMesh: 0
    subMeshCount: 0
  m_StaticBatchRoot: {fileID: 0}
  m_ProbeAnchor: {fileID: 0}
  m_LightProbeVolumeOverride: {fileID: 0}
  m_ScaleInLightmap: 1
  m_PreserveUVs: 1
  m_IgnoreNormalsForChartDetection: 0
  m_ImportantGI: 0
  m_StitchLightmapSeams: 0
  m_SelectedEditorRenderState: 3
  m_MinimumChartSize: 4
  m_AutoUVMaxDistance: 0.5
  m_AutoUVMaxAngle: 89
  m_LightmapParameters: {fileID: 0}
  m_SortingLayerID: 0
  m_SortingLayer: 0
  m_SortingOrder: 0
--- !u!65 &1572985221
BoxCollider:
  m_ObjectHideFlags: 0
  m_PrefabParentObject: {fileID: 0}
  m_PrefabInternal: {fileID: 0}
  m_GameObject: {fileID: 1572985219}
  m_Material: {fileID: 0}
  m_IsTrigger: 0
  m_Enabled: 1
  serializedVersion: 2
  m_Size: {x: 1, y: 1, z: 1}
  m_Center: {x: 0, y: 0, z: 0}
--- !u!33 &1572985222
MeshFilter:
  m_ObjectHideFlags: 0
  m_PrefabParentObject: {fileID: 0}
  m_PrefabInternal: {fileID: 0}
  m_GameObject: {fileID: 1572985219}
  m_Mesh: {fileID: 10202, guid: 0000000000000000e000000000000000, type: 0}
--- !u!4 &1572985223
Transform:
  m_ObjectHideFlags: 0
  m_PrefabParentObject: {fileID: 0}
  m_PrefabInternal: {fileID: 0}
  m_GameObject: {fileID: 1572985219}
  m_LocalRotation: {x: -0, y: 0.21333127, z: -0, w: 0.97698}
  m_LocalPosition: {x: 24.889, y: -6.0525, z: -4.7357}
  m_LocalScale: {x: 3.3287508, y: 0.80864716, z: 1.458263}
  m_Children: []
  m_Father: {fileID: 0}
  m_RootOrder: 7
  m_LocalEulerAnglesHint: {x: 0, y: 24.635, z: 0}
--- !u!1 &1583615489
GameObject:
  m_ObjectHideFlags: 0
  m_PrefabParentObject: {fileID: 0}
  m_PrefabInternal: {fileID: 0}
  serializedVersion: 5
  m_Component:
  - component: {fileID: 1583615493}
  - component: {fileID: 1583615492}
  - component: {fileID: 1583615491}
  - component: {fileID: 1583615490}
  m_Layer: 0
  m_Name: Cube (9)
  m_TagString: Untagged
  m_Icon: {fileID: 0}
  m_NavMeshLayer: 0
  m_StaticEditorFlags: 8
  m_IsActive: 1
--- !u!23 &1583615490
MeshRenderer:
  m_ObjectHideFlags: 0
  m_PrefabParentObject: {fileID: 0}
  m_PrefabInternal: {fileID: 0}
  m_GameObject: {fileID: 1583615489}
  m_Enabled: 1
  m_CastShadows: 1
  m_ReceiveShadows: 1
  m_DynamicOccludee: 1
  m_MotionVectors: 1
  m_LightProbeUsage: 1
  m_ReflectionProbeUsage: 1
  m_Materials:
  - {fileID: 10303, guid: 0000000000000000f000000000000000, type: 0}
  m_StaticBatchInfo:
    firstSubMesh: 0
    subMeshCount: 0
  m_StaticBatchRoot: {fileID: 0}
  m_ProbeAnchor: {fileID: 0}
  m_LightProbeVolumeOverride: {fileID: 0}
  m_ScaleInLightmap: 1
  m_PreserveUVs: 1
  m_IgnoreNormalsForChartDetection: 0
  m_ImportantGI: 0
  m_StitchLightmapSeams: 0
  m_SelectedEditorRenderState: 3
  m_MinimumChartSize: 4
  m_AutoUVMaxDistance: 0.5
  m_AutoUVMaxAngle: 89
  m_LightmapParameters: {fileID: 0}
  m_SortingLayerID: 0
  m_SortingLayer: 0
  m_SortingOrder: 0
--- !u!65 &1583615491
BoxCollider:
  m_ObjectHideFlags: 0
  m_PrefabParentObject: {fileID: 0}
  m_PrefabInternal: {fileID: 0}
  m_GameObject: {fileID: 1583615489}
  m_Material: {fileID: 0}
  m_IsTrigger: 0
  m_Enabled: 1
  serializedVersion: 2
  m_Size: {x: 1, y: 1, z: 1}
  m_Center: {x: 0, y: 0, z: 0}
--- !u!33 &1583615492
MeshFilter:
  m_ObjectHideFlags: 0
  m_PrefabParentObject: {fileID: 0}
  m_PrefabInternal: {fileID: 0}
  m_GameObject: {fileID: 1583615489}
  m_Mesh: {fileID: 10202, guid: 0000000000000000e000000000000000, type: 0}
--- !u!4 &1583615493
Transform:
  m_ObjectHideFlags: 0
  m_PrefabParentObject: {fileID: 0}
  m_PrefabInternal: {fileID: 0}
  m_GameObject: {fileID: 1583615489}
  m_LocalRotation: {x: -0, y: -0.35141185, z: -0, w: -0.936221}
  m_LocalPosition: {x: 24.392, y: 1.8641, z: -5.3674}
  m_LocalScale: {x: 3.3287508, y: 0.80864716, z: 1.458263}
  m_Children: []
  m_Father: {fileID: 0}
  m_RootOrder: 16
  m_LocalEulerAnglesHint: {x: 0, y: -318.853, z: 0}
--- !u!1 &1684301330
GameObject:
  m_ObjectHideFlags: 0
  m_PrefabParentObject: {fileID: 0}
  m_PrefabInternal: {fileID: 0}
  serializedVersion: 5
  m_Component:
  - component: {fileID: 1684301334}
  - component: {fileID: 1684301333}
  - component: {fileID: 1684301332}
  - component: {fileID: 1684301331}
  m_Layer: 0
  m_Name: Cube (4)
  m_TagString: Untagged
  m_Icon: {fileID: 0}
  m_NavMeshLayer: 0
  m_StaticEditorFlags: 8
  m_IsActive: 1
--- !u!23 &1684301331
MeshRenderer:
  m_ObjectHideFlags: 0
  m_PrefabParentObject: {fileID: 0}
  m_PrefabInternal: {fileID: 0}
  m_GameObject: {fileID: 1684301330}
  m_Enabled: 1
  m_CastShadows: 1
  m_ReceiveShadows: 1
  m_DynamicOccludee: 1
  m_MotionVectors: 1
  m_LightProbeUsage: 1
  m_ReflectionProbeUsage: 1
  m_Materials:
  - {fileID: 10303, guid: 0000000000000000f000000000000000, type: 0}
  m_StaticBatchInfo:
    firstSubMesh: 0
    subMeshCount: 0
  m_StaticBatchRoot: {fileID: 0}
  m_ProbeAnchor: {fileID: 0}
  m_LightProbeVolumeOverride: {fileID: 0}
  m_ScaleInLightmap: 1
  m_PreserveUVs: 1
  m_IgnoreNormalsForChartDetection: 0
  m_ImportantGI: 0
  m_StitchLightmapSeams: 0
  m_SelectedEditorRenderState: 3
  m_MinimumChartSize: 4
  m_AutoUVMaxDistance: 0.5
  m_AutoUVMaxAngle: 89
  m_LightmapParameters: {fileID: 0}
  m_SortingLayerID: 0
  m_SortingLayer: 0
  m_SortingOrder: 0
--- !u!65 &1684301332
BoxCollider:
  m_ObjectHideFlags: 0
  m_PrefabParentObject: {fileID: 0}
  m_PrefabInternal: {fileID: 0}
  m_GameObject: {fileID: 1684301330}
  m_Material: {fileID: 0}
  m_IsTrigger: 0
  m_Enabled: 1
  serializedVersion: 2
  m_Size: {x: 1, y: 1, z: 1}
  m_Center: {x: 0, y: 0, z: 0}
--- !u!33 &1684301333
MeshFilter:
  m_ObjectHideFlags: 0
  m_PrefabParentObject: {fileID: 0}
  m_PrefabInternal: {fileID: 0}
  m_GameObject: {fileID: 1684301330}
  m_Mesh: {fileID: 10202, guid: 0000000000000000e000000000000000, type: 0}
--- !u!4 &1684301334
Transform:
  m_ObjectHideFlags: 0
  m_PrefabParentObject: {fileID: 0}
  m_PrefabInternal: {fileID: 0}
  m_GameObject: {fileID: 1684301330}
  m_LocalRotation: {x: -0, y: -0.91785485, z: -0, w: 0.39691618}
  m_LocalPosition: {x: 21.413, y: -2.474, z: -3.0964}
  m_LocalScale: {x: 3.3287508, y: 0.80864716, z: 1.4582648}
  m_Children: []
  m_Father: {fileID: 0}
  m_RootOrder: 11
  m_LocalEulerAnglesHint: {x: 0, y: -133.229, z: 0}
--- !u!1 &1711163002
GameObject:
  m_ObjectHideFlags: 0
  m_PrefabParentObject: {fileID: 100018, guid: cd7b95cedd5ec0f4e92740ff3fc32d95, type: 3}
  m_PrefabInternal: {fileID: 0}
  serializedVersion: 5
  m_Component:
  - component: {fileID: 1711163003}
  - component: {fileID: 1711163005}
  - component: {fileID: 1711163004}
  m_Layer: 0
  m_Name: wall_1_side_a
  m_TagString: Untagged
  m_Icon: {fileID: 0}
  m_NavMeshLayer: 0
  m_StaticEditorFlags: 0
  m_IsActive: 1
--- !u!4 &1711163003
Transform:
  m_ObjectHideFlags: 0
  m_PrefabParentObject: {fileID: 400018, guid: cd7b95cedd5ec0f4e92740ff3fc32d95, type: 3}
  m_PrefabInternal: {fileID: 0}
  m_GameObject: {fileID: 1711163002}
  m_LocalRotation: {x: 0, y: -0, z: -0, w: 1}
  m_LocalPosition: {x: -0, y: 0, z: 0}
  m_LocalScale: {x: 1, y: 1, z: 1}
  m_Children: []
  m_Father: {fileID: 329737972}
  m_RootOrder: 10
  m_LocalEulerAnglesHint: {x: 0, y: 0, z: 0}
--- !u!23 &1711163004
MeshRenderer:
  m_ObjectHideFlags: 0
  m_PrefabParentObject: {fileID: 2300016, guid: cd7b95cedd5ec0f4e92740ff3fc32d95,
    type: 3}
  m_PrefabInternal: {fileID: 0}
  m_GameObject: {fileID: 1711163002}
  m_Enabled: 1
  m_CastShadows: 1
  m_ReceiveShadows: 1
  m_DynamicOccludee: 1
  m_MotionVectors: 1
  m_LightProbeUsage: 1
  m_ReflectionProbeUsage: 1
  m_Materials:
  - {fileID: 2100016, guid: cd7b95cedd5ec0f4e92740ff3fc32d95, type: 3}
  m_StaticBatchInfo:
    firstSubMesh: 0
    subMeshCount: 0
  m_StaticBatchRoot: {fileID: 0}
  m_ProbeAnchor: {fileID: 0}
  m_LightProbeVolumeOverride: {fileID: 0}
  m_ScaleInLightmap: 1
  m_PreserveUVs: 0
  m_IgnoreNormalsForChartDetection: 0
  m_ImportantGI: 0
  m_StitchLightmapSeams: 0
  m_SelectedEditorRenderState: 3
  m_MinimumChartSize: 4
  m_AutoUVMaxDistance: 0.5
  m_AutoUVMaxAngle: 89
  m_LightmapParameters: {fileID: 0}
  m_SortingLayerID: 0
  m_SortingLayer: 0
  m_SortingOrder: 0
--- !u!33 &1711163005
MeshFilter:
  m_ObjectHideFlags: 0
  m_PrefabParentObject: {fileID: 3300016, guid: cd7b95cedd5ec0f4e92740ff3fc32d95,
    type: 3}
  m_PrefabInternal: {fileID: 0}
  m_GameObject: {fileID: 1711163002}
  m_Mesh: {fileID: 4300016, guid: cd7b95cedd5ec0f4e92740ff3fc32d95, type: 3}
--- !u!1 &1816059555
GameObject:
  m_ObjectHideFlags: 0
  m_PrefabParentObject: {fileID: 100002, guid: cd7b95cedd5ec0f4e92740ff3fc32d95, type: 3}
  m_PrefabInternal: {fileID: 0}
  serializedVersion: 5
  m_Component:
  - component: {fileID: 1816059556}
  - component: {fileID: 1816059558}
  - component: {fileID: 1816059557}
  - component: {fileID: 1816059559}
  m_Layer: 0
  m_Name: floor_2
  m_TagString: Untagged
  m_Icon: {fileID: 0}
  m_NavMeshLayer: 0
  m_StaticEditorFlags: 8
  m_IsActive: 1
--- !u!4 &1816059556
Transform:
  m_ObjectHideFlags: 0
  m_PrefabParentObject: {fileID: 400002, guid: cd7b95cedd5ec0f4e92740ff3fc32d95, type: 3}
  m_PrefabInternal: {fileID: 0}
  m_GameObject: {fileID: 1816059555}
  m_LocalRotation: {x: 0, y: -0, z: -0, w: 1}
  m_LocalPosition: {x: -0, y: 0, z: 0}
  m_LocalScale: {x: 1, y: 1, z: 1}
  m_Children: []
  m_Father: {fileID: 329737972}
  m_RootOrder: 2
  m_LocalEulerAnglesHint: {x: 0, y: 0, z: 0}
--- !u!23 &1816059557
MeshRenderer:
  m_ObjectHideFlags: 0
  m_PrefabParentObject: {fileID: 2300002, guid: cd7b95cedd5ec0f4e92740ff3fc32d95,
    type: 3}
  m_PrefabInternal: {fileID: 0}
  m_GameObject: {fileID: 1816059555}
  m_Enabled: 1
  m_CastShadows: 1
  m_ReceiveShadows: 1
  m_DynamicOccludee: 1
  m_MotionVectors: 1
  m_LightProbeUsage: 1
  m_ReflectionProbeUsage: 1
  m_Materials:
  - {fileID: 2100002, guid: cd7b95cedd5ec0f4e92740ff3fc32d95, type: 3}
  m_StaticBatchInfo:
    firstSubMesh: 0
    subMeshCount: 0
  m_StaticBatchRoot: {fileID: 0}
  m_ProbeAnchor: {fileID: 0}
  m_LightProbeVolumeOverride: {fileID: 0}
  m_ScaleInLightmap: 1
  m_PreserveUVs: 0
  m_IgnoreNormalsForChartDetection: 0
  m_ImportantGI: 0
  m_StitchLightmapSeams: 0
  m_SelectedEditorRenderState: 3
  m_MinimumChartSize: 4
  m_AutoUVMaxDistance: 0.5
  m_AutoUVMaxAngle: 89
  m_LightmapParameters: {fileID: 0}
  m_SortingLayerID: 0
  m_SortingLayer: 0
  m_SortingOrder: 0
--- !u!33 &1816059558
MeshFilter:
  m_ObjectHideFlags: 0
  m_PrefabParentObject: {fileID: 3300002, guid: cd7b95cedd5ec0f4e92740ff3fc32d95,
    type: 3}
  m_PrefabInternal: {fileID: 0}
  m_GameObject: {fileID: 1816059555}
  m_Mesh: {fileID: 4300002, guid: cd7b95cedd5ec0f4e92740ff3fc32d95, type: 3}
--- !u!64 &1816059559
MeshCollider:
  m_ObjectHideFlags: 0
  m_PrefabParentObject: {fileID: 0}
  m_PrefabInternal: {fileID: 0}
  m_GameObject: {fileID: 1816059555}
  m_Material: {fileID: 0}
  m_IsTrigger: 0
  m_Enabled: 1
  serializedVersion: 3
  m_Convex: 0
  m_CookingOptions: 14
  m_SkinWidth: 0.01
  m_Mesh: {fileID: 4300002, guid: cd7b95cedd5ec0f4e92740ff3fc32d95, type: 3}
--- !u!1001 &1884656455
Prefab:
  m_ObjectHideFlags: 0
  serializedVersion: 2
  m_Modification:
    m_TransformParent: {fileID: 1352434837}
    m_Modifications:
    - target: {fileID: 400008, guid: 89a087bf76c447347a722622dd8d5271, type: 3}
      propertyPath: m_LocalPosition.x
      value: 1.623
      objectReference: {fileID: 0}
    - target: {fileID: 400008, guid: 89a087bf76c447347a722622dd8d5271, type: 3}
      propertyPath: m_LocalPosition.y
      value: -11.701721
      objectReference: {fileID: 0}
    - target: {fileID: 400008, guid: 89a087bf76c447347a722622dd8d5271, type: 3}
      propertyPath: m_LocalPosition.z
      value: 16.58
      objectReference: {fileID: 0}
    - target: {fileID: 400008, guid: 89a087bf76c447347a722622dd8d5271, type: 3}
      propertyPath: m_LocalRotation.x
      value: -0
      objectReference: {fileID: 0}
    - target: {fileID: 400008, guid: 89a087bf76c447347a722622dd8d5271, type: 3}
      propertyPath: m_LocalRotation.y
      value: 0.55088633
      objectReference: {fileID: 0}
    - target: {fileID: 400008, guid: 89a087bf76c447347a722622dd8d5271, type: 3}
      propertyPath: m_LocalRotation.z
      value: -0
      objectReference: {fileID: 0}
    - target: {fileID: 400008, guid: 89a087bf76c447347a722622dd8d5271, type: 3}
      propertyPath: m_LocalRotation.w
      value: 0.8345803
      objectReference: {fileID: 0}
    - target: {fileID: 400008, guid: 89a087bf76c447347a722622dd8d5271, type: 3}
      propertyPath: m_RootOrder
      value: 1
      objectReference: {fileID: 0}
    - target: {fileID: 400008, guid: 89a087bf76c447347a722622dd8d5271, type: 3}
      propertyPath: m_LocalScale.x
      value: 0.5682404
      objectReference: {fileID: 0}
    - target: {fileID: 400008, guid: 89a087bf76c447347a722622dd8d5271, type: 3}
      propertyPath: m_LocalScale.y
      value: 0.56824017
      objectReference: {fileID: 0}
    - target: {fileID: 400008, guid: 89a087bf76c447347a722622dd8d5271, type: 3}
      propertyPath: m_LocalScale.z
      value: 0.56824064
      objectReference: {fileID: 0}
    - target: {fileID: 400008, guid: 89a087bf76c447347a722622dd8d5271, type: 3}
      propertyPath: m_LocalEulerAnglesHint.y
      value: 66.856
      objectReference: {fileID: 0}
    - target: {fileID: 400006, guid: 89a087bf76c447347a722622dd8d5271, type: 3}
      propertyPath: m_LocalPosition.x
      value: -0.40001893
      objectReference: {fileID: 0}
    - target: {fileID: 400006, guid: 89a087bf76c447347a722622dd8d5271, type: 3}
      propertyPath: m_LocalPosition.z
      value: 1.7000208
      objectReference: {fileID: 0}
    - target: {fileID: 400002, guid: 89a087bf76c447347a722622dd8d5271, type: 3}
      propertyPath: m_LocalPosition.x
      value: -0.4
      objectReference: {fileID: 0}
    - target: {fileID: 400002, guid: 89a087bf76c447347a722622dd8d5271, type: 3}
      propertyPath: m_LocalPosition.z
      value: 1.7
      objectReference: {fileID: 0}
    m_RemovedComponents: []
  m_ParentPrefab: {fileID: 100100000, guid: 89a087bf76c447347a722622dd8d5271, type: 3}
  m_IsPrefabParent: 0
--- !u!1001 &1943936642
Prefab:
  m_ObjectHideFlags: 0
  serializedVersion: 2
  m_Modification:
    m_TransformParent: {fileID: 0}
    m_Modifications:
    - target: {fileID: 4415448539434524, guid: 2fae4a3990777a04d819b9670a04bc3c, type: 2}
      propertyPath: m_LocalPosition.x
      value: 10.73
      objectReference: {fileID: 0}
    - target: {fileID: 4415448539434524, guid: 2fae4a3990777a04d819b9670a04bc3c, type: 2}
      propertyPath: m_LocalPosition.y
      value: -0.083776
      objectReference: {fileID: 0}
    - target: {fileID: 4415448539434524, guid: 2fae4a3990777a04d819b9670a04bc3c, type: 2}
      propertyPath: m_LocalPosition.z
      value: -3.9191
      objectReference: {fileID: 0}
    - target: {fileID: 4415448539434524, guid: 2fae4a3990777a04d819b9670a04bc3c, type: 2}
      propertyPath: m_LocalRotation.x
      value: -0
      objectReference: {fileID: 0}
    - target: {fileID: 4415448539434524, guid: 2fae4a3990777a04d819b9670a04bc3c, type: 2}
      propertyPath: m_LocalRotation.y
      value: -0.37228248
      objectReference: {fileID: 0}
    - target: {fileID: 4415448539434524, guid: 2fae4a3990777a04d819b9670a04bc3c, type: 2}
      propertyPath: m_LocalRotation.z
      value: -0
      objectReference: {fileID: 0}
    - target: {fileID: 4415448539434524, guid: 2fae4a3990777a04d819b9670a04bc3c, type: 2}
      propertyPath: m_LocalRotation.w
      value: 0.9281195
      objectReference: {fileID: 0}
    - target: {fileID: 4415448539434524, guid: 2fae4a3990777a04d819b9670a04bc3c, type: 2}
      propertyPath: m_RootOrder
      value: 1
      objectReference: {fileID: 0}
    - target: {fileID: 4415448539434524, guid: 2fae4a3990777a04d819b9670a04bc3c, type: 2}
      propertyPath: m_LocalScale.x
      value: 1.1499465
      objectReference: {fileID: 0}
    - target: {fileID: 4415448539434524, guid: 2fae4a3990777a04d819b9670a04bc3c, type: 2}
      propertyPath: m_LocalScale.y
      value: 3.0841537
      objectReference: {fileID: 0}
    - target: {fileID: 4415448539434524, guid: 2fae4a3990777a04d819b9670a04bc3c, type: 2}
      propertyPath: m_LocalScale.z
      value: 1.1499466
      objectReference: {fileID: 0}
    m_RemovedComponents: []
  m_ParentPrefab: {fileID: 100100000, guid: 2fae4a3990777a04d819b9670a04bc3c, type: 2}
  m_IsPrefabParent: 0
--- !u!4 &1951328196 stripped
Transform:
  m_PrefabParentObject: {fileID: 400000, guid: 83425eb8d91e9794889557fa08484dc2, type: 3}
  m_PrefabInternal: {fileID: 1228763980}
--- !u!1 &2041822755
GameObject:
  m_ObjectHideFlags: 0
  m_PrefabParentObject: {fileID: 100032, guid: cd7b95cedd5ec0f4e92740ff3fc32d95, type: 3}
  m_PrefabInternal: {fileID: 0}
  serializedVersion: 5
  m_Component:
  - component: {fileID: 2041822756}
  - component: {fileID: 2041822758}
  - component: {fileID: 2041822757}
  - component: {fileID: 2041822759}
  m_Layer: 0
  m_Name: staircase1
  m_TagString: Untagged
  m_Icon: {fileID: 0}
  m_NavMeshLayer: 0
  m_StaticEditorFlags: 40
  m_IsActive: 1
--- !u!4 &2041822756
Transform:
  m_ObjectHideFlags: 0
  m_PrefabParentObject: {fileID: 400032, guid: cd7b95cedd5ec0f4e92740ff3fc32d95, type: 3}
  m_PrefabInternal: {fileID: 0}
  m_GameObject: {fileID: 2041822755}
  m_LocalRotation: {x: -0, y: -0.8846344, z: -0, w: 0.46628538}
  m_LocalPosition: {x: 5.4, y: 0, z: -0.16}
  m_LocalScale: {x: 1, y: 1, z: 1}
  m_Children: []
  m_Father: {fileID: 329737972}
  m_RootOrder: 14
  m_LocalEulerAnglesHint: {x: 0, y: -124.41301, z: 0}
--- !u!23 &2041822757
MeshRenderer:
  m_ObjectHideFlags: 0
  m_PrefabParentObject: {fileID: 2300030, guid: cd7b95cedd5ec0f4e92740ff3fc32d95,
    type: 3}
  m_PrefabInternal: {fileID: 0}
  m_GameObject: {fileID: 2041822755}
  m_Enabled: 1
  m_CastShadows: 1
  m_ReceiveShadows: 1
  m_DynamicOccludee: 1
  m_MotionVectors: 1
  m_LightProbeUsage: 1
  m_ReflectionProbeUsage: 1
  m_Materials:
  - {fileID: 2100030, guid: cd7b95cedd5ec0f4e92740ff3fc32d95, type: 3}
  m_StaticBatchInfo:
    firstSubMesh: 0
    subMeshCount: 0
  m_StaticBatchRoot: {fileID: 0}
  m_ProbeAnchor: {fileID: 0}
  m_LightProbeVolumeOverride: {fileID: 0}
  m_ScaleInLightmap: 1
  m_PreserveUVs: 0
  m_IgnoreNormalsForChartDetection: 0
  m_ImportantGI: 0
  m_StitchLightmapSeams: 0
  m_SelectedEditorRenderState: 3
  m_MinimumChartSize: 4
  m_AutoUVMaxDistance: 0.5
  m_AutoUVMaxAngle: 89
  m_LightmapParameters: {fileID: 0}
  m_SortingLayerID: 0
  m_SortingLayer: 0
  m_SortingOrder: 0
--- !u!33 &2041822758
MeshFilter:
  m_ObjectHideFlags: 0
  m_PrefabParentObject: {fileID: 3300030, guid: cd7b95cedd5ec0f4e92740ff3fc32d95,
    type: 3}
  m_PrefabInternal: {fileID: 0}
  m_GameObject: {fileID: 2041822755}
  m_Mesh: {fileID: 4300030, guid: cd7b95cedd5ec0f4e92740ff3fc32d95, type: 3}
--- !u!64 &2041822759
MeshCollider:
  m_ObjectHideFlags: 0
  m_PrefabParentObject: {fileID: 0}
  m_PrefabInternal: {fileID: 0}
  m_GameObject: {fileID: 2041822755}
  m_Material: {fileID: 0}
  m_IsTrigger: 0
  m_Enabled: 1
  serializedVersion: 3
  m_Convex: 0
  m_CookingOptions: 14
  m_SkinWidth: 0.01
  m_Mesh: {fileID: 4300030, guid: cd7b95cedd5ec0f4e92740ff3fc32d95, type: 3}
--- !u!1 &2047524314
GameObject:
  m_ObjectHideFlags: 0
  m_PrefabParentObject: {fileID: 100022, guid: cd7b95cedd5ec0f4e92740ff3fc32d95, type: 3}
  m_PrefabInternal: {fileID: 0}
  serializedVersion: 5
  m_Component:
  - component: {fileID: 2047524315}
  - component: {fileID: 2047524317}
  - component: {fileID: 2047524316}
  m_Layer: 0
  m_Name: wall2
  m_TagString: Untagged
  m_Icon: {fileID: 0}
  m_NavMeshLayer: 0
  m_StaticEditorFlags: 0
  m_IsActive: 1
--- !u!4 &2047524315
Transform:
  m_ObjectHideFlags: 0
  m_PrefabParentObject: {fileID: 400022, guid: cd7b95cedd5ec0f4e92740ff3fc32d95, type: 3}
  m_PrefabInternal: {fileID: 0}
  m_GameObject: {fileID: 2047524314}
  m_LocalRotation: {x: 0, y: -0, z: -0, w: 1}
  m_LocalPosition: {x: -0, y: 0, z: 0}
  m_LocalScale: {x: 1, y: 1, z: 1}
  m_Children: []
  m_Father: {fileID: 329737972}
  m_RootOrder: 5
  m_LocalEulerAnglesHint: {x: 0, y: 0, z: 0}
--- !u!23 &2047524316
MeshRenderer:
  m_ObjectHideFlags: 0
  m_PrefabParentObject: {fileID: 2300020, guid: cd7b95cedd5ec0f4e92740ff3fc32d95,
    type: 3}
  m_PrefabInternal: {fileID: 0}
  m_GameObject: {fileID: 2047524314}
  m_Enabled: 1
  m_CastShadows: 1
  m_ReceiveShadows: 1
  m_DynamicOccludee: 1
  m_MotionVectors: 1
  m_LightProbeUsage: 1
  m_ReflectionProbeUsage: 1
  m_Materials:
  - {fileID: 2100020, guid: cd7b95cedd5ec0f4e92740ff3fc32d95, type: 3}
  m_StaticBatchInfo:
    firstSubMesh: 0
    subMeshCount: 0
  m_StaticBatchRoot: {fileID: 0}
  m_ProbeAnchor: {fileID: 0}
  m_LightProbeVolumeOverride: {fileID: 0}
  m_ScaleInLightmap: 1
  m_PreserveUVs: 0
  m_IgnoreNormalsForChartDetection: 0
  m_ImportantGI: 0
  m_StitchLightmapSeams: 0
  m_SelectedEditorRenderState: 3
  m_MinimumChartSize: 4
  m_AutoUVMaxDistance: 0.5
  m_AutoUVMaxAngle: 89
  m_LightmapParameters: {fileID: 0}
  m_SortingLayerID: 0
  m_SortingLayer: 0
  m_SortingOrder: 0
--- !u!33 &2047524317
MeshFilter:
  m_ObjectHideFlags: 0
  m_PrefabParentObject: {fileID: 3300020, guid: cd7b95cedd5ec0f4e92740ff3fc32d95,
    type: 3}
  m_PrefabInternal: {fileID: 0}
  m_GameObject: {fileID: 2047524314}
  m_Mesh: {fileID: 4300020, guid: cd7b95cedd5ec0f4e92740ff3fc32d95, type: 3}
--- !u!1 &2130163602
GameObject:
  m_ObjectHideFlags: 0
  m_PrefabParentObject: {fileID: 0}
  m_PrefabInternal: {fileID: 0}
  serializedVersion: 5
  m_Component:
  - component: {fileID: 2130163606}
  - component: {fileID: 2130163605}
  - component: {fileID: 2130163604}
  - component: {fileID: 2130163603}
  m_Layer: 0
  m_Name: Cube (5)
  m_TagString: Untagged
  m_Icon: {fileID: 0}
  m_NavMeshLayer: 0
  m_StaticEditorFlags: 8
  m_IsActive: 1
--- !u!23 &2130163603
MeshRenderer:
  m_ObjectHideFlags: 0
  m_PrefabParentObject: {fileID: 0}
  m_PrefabInternal: {fileID: 0}
  m_GameObject: {fileID: 2130163602}
  m_Enabled: 1
  m_CastShadows: 1
  m_ReceiveShadows: 1
  m_DynamicOccludee: 1
  m_MotionVectors: 1
  m_LightProbeUsage: 1
  m_ReflectionProbeUsage: 1
  m_Materials:
  - {fileID: 10303, guid: 0000000000000000f000000000000000, type: 0}
  m_StaticBatchInfo:
    firstSubMesh: 0
    subMeshCount: 0
  m_StaticBatchRoot: {fileID: 0}
  m_ProbeAnchor: {fileID: 0}
  m_LightProbeVolumeOverride: {fileID: 0}
  m_ScaleInLightmap: 1
  m_PreserveUVs: 1
  m_IgnoreNormalsForChartDetection: 0
  m_ImportantGI: 0
  m_StitchLightmapSeams: 0
  m_SelectedEditorRenderState: 3
  m_MinimumChartSize: 4
  m_AutoUVMaxDistance: 0.5
  m_AutoUVMaxAngle: 89
  m_LightmapParameters: {fileID: 0}
  m_SortingLayerID: 0
  m_SortingLayer: 0
  m_SortingOrder: 0
--- !u!65 &2130163604
BoxCollider:
  m_ObjectHideFlags: 0
  m_PrefabParentObject: {fileID: 0}
  m_PrefabInternal: {fileID: 0}
  m_GameObject: {fileID: 2130163602}
  m_Material: {fileID: 0}
  m_IsTrigger: 0
  m_Enabled: 1
  serializedVersion: 2
  m_Size: {x: 1, y: 1, z: 1}
  m_Center: {x: 0, y: 0, z: 0}
--- !u!33 &2130163605
MeshFilter:
  m_ObjectHideFlags: 0
  m_PrefabParentObject: {fileID: 0}
  m_PrefabInternal: {fileID: 0}
  m_GameObject: {fileID: 2130163602}
  m_Mesh: {fileID: 10202, guid: 0000000000000000e000000000000000, type: 0}
--- !u!4 &2130163606
Transform:
  m_ObjectHideFlags: 0
  m_PrefabParentObject: {fileID: 0}
  m_PrefabInternal: {fileID: 0}
  m_GameObject: {fileID: 2130163602}
  m_LocalRotation: {x: -0, y: -0.9980195, z: -0, w: 0.06290513}
  m_LocalPosition: {x: 20.813, y: -1.6144, z: -4.3958}
  m_LocalScale: {x: 3.3287508, y: 0.80864716, z: 1.458263}
  m_Children: []
  m_Father: {fileID: 0}
  m_RootOrder: 12
  m_LocalEulerAnglesHint: {x: 0, y: -172.787, z: 0}
